name,ttm,03/31/2022,12/31/2021,09/30/2021,06/30/2021,03/31/2021,12/31/2020,09/30/2020,06/30/2020,03/31/2020,12/31/2019,09/30/2019,06/30/2019,03/31/2019,12/31/2018,09/30/2018,06/30/2018,03/31/2018,12/31/2017,09/30/2017,06/30/2017,03/31/2017,12/31/2016,09/30/2016,06/30/2016,03/31/2016,12/31/2015,09/30/2015,06/30/2015,03/31/2015,12/31/2014,09/30/2014,06/30/2014,03/31/2014,12/31/2013,09/30/2013,06/30/2013,03/31/2013,12/31/2012,09/30/2012,06/30/2012,03/31/2012,12/31/2011,09/30/2011,06/30/2011,03/31/2011,12/31/2010,09/30/2010,06/30/2010,03/31/2010,12/31/2009,09/30/2009
TotalRevenue,"12,016,269,107.14","5,257,158,413.95","3,790,602,361.53","1,521,679,543.7","1,446,828,787.96","904,210,248.68","812,667,748.89","547,943,379.82","910,412,315.79","968,428,761.08","1,043,473,975.88","1,207,601,333.95","1,252,504,950.92","1,337,035,022.86","1,485,571,415.82","1,469,360,909.2","1,620,474,078.84","1,669,013,570.84","1,509,967,062.14","1,545,518,056.71","1,350,922,953.48","1,063,631,802.16","1,134,416,256.84","1,064,553,210.04","951,600,887.76","753,993,878.77","559,977,139.67","551,236,225.38","397,933,152.95","357,730,150.59","522,146,556.38","253,400,369.75","559,250,895.19","87,586,187.19","128,747,373.77","104,079,536.18","108,690,819.96","73,458,177.4","89,980,735.47","105,311,036.08","118,834,986.77","82,702,389.92","104,421,007.6","108,706,187.8","113,344,247.27","76,261,723.07","82,967,986.13","73,448,586.62","78,701,342.68","59,145,920.67","67,785,955.37","84,578,856.22"
	OperatingRevenue,"12,016,269,107.14","5,257,158,413.95","3,790,602,361.53","1,521,679,543.7","1,446,828,787.96","904,210,248.68","812,667,748.89","547,943,379.82","910,412,315.79","968,428,761.08","1,043,473,975.88","1,207,601,333.95","1,252,504,950.92","1,337,035,022.86","1,485,571,415.82","1,469,360,909.2","1,620,474,078.84","1,669,013,570.84","1,509,967,062.14","1,545,518,056.71","1,350,922,953.48","1,063,631,802.16","1,134,416,256.84","1,064,553,210.04","951,600,887.76","753,993,878.77","559,977,139.67","551,236,225.38","397,933,152.95","357,730,150.59","522,146,556.38","253,400,369.75","559,250,895.19","87,586,187.19","128,747,373.77","104,079,536.18","108,690,819.96","73,458,177.4","89,980,735.47","105,311,036.08","118,834,986.77","82,702,389.92","104,421,007.6","108,706,187.8","113,344,247.27","76,261,723.07","82,967,986.13","73,448,586.62","78,701,342.68","59,145,920.67","67,785,955.37","84,578,856.22"
CostOfRevenue,"3,195,605,951.44","773,630,199.33","1,104,973,645.12","660,963,526.96","656,038,580.03","492,384,983.14","553,081,941.42","408,419,144.65","480,206,838.38","453,543,271.2","529,124,703.08","565,402,453.45","487,551,136.23","520,563,223.73","601,582,852.4","518,543,301.42","463,797,172.93","439,465,171.48","436,022,852.67","440,148,551.99","425,071,469.81","332,004,634.1","328,704,218.22","322,822,624.44","243,376,879.56","227,744,736.18","314,658,458.49","278,092,259.83","167,994,458.82","229,774,998.95","291,117,118.93","184,527,019.43","397,199,662.25","91,167,671.18","120,555,523.43","87,489,943.42","85,586,624.81","59,687,259.31","68,791,978.06","78,417,700.02","95,709,484.24","68,943,678.47","85,952,397.17","90,606,677.12","96,587,900.1","63,045,553.73","66,417,393.4","56,346,359.76","58,978,981.5","48,164,152.62","52,191,783.54","67,843,102.27"
GrossProfit,"8,820,663,155.7","4,483,528,214.62","2,685,628,716.41","860,716,016.74","790,790,207.93","411,825,265.54","259,585,807.47","139,524,235.17","430,205,477.41","514,885,489.88","514,349,272.8","642,198,880.5","764,953,814.69","816,471,799.13","883,988,563.42","950,817,607.78","1,156,676,905.91","1,229,548,399.36","1,073,944,209.47","1,105,369,504.72","925,851,483.67","731,627,168.06","805,712,038.62","741,730,585.6","708,224,008.2","526,249,142.59","245,318,681.18","273,143,965.55","229,938,694.13","127,955,151.64","231,029,437.45","68,873,350.32","162,051,232.94","-3,581,483.99","8,191,850.34","16,589,592.76","23,104,195.15","13,770,918.09","21,188,757.41","26,893,336.06","23,125,502.53","13,758,711.45","18,468,610.43","18,099,510.68","16,756,347.17","13,216,169.34","16,550,592.73","17,102,226.86","19,722,361.18","10,981,768.05","15,594,171.83","16,735,753.95"
OperatingExpense,"644,462,111.92","189,908,087.45","201,752,733.74","136,831,185.74","115,970,104.99","102,250,543.29","185,714,118.75","98,215,536.1","80,999,358.42","108,518,724.49","230,014,365.34","102,958,092.48","95,673,056.22","90,747,622.69","358,220,102.43","122,279,642.06","107,263,396.83","80,161,367.5","115,516,207.28","95,410,965.98","76,010,455.44","61,787,273.48","107,108,286.57","74,912,757.03","52,866,785.75","42,613,632.8","75,389,199.21","38,280,478.31","57,670,329.27","37,877,996.41","49,426,767.16","32,985,810.21","44,460,875.02","9,500,324.18","120,536,084.66","10,712,651.83","10,288,967.09","7,166,773.79","13,380,970.28","12,060,139.51","9,165,558.08","6,953,633.52","10,665,389.63","7,118,708.34","8,552,197.88","5,498,366.95","9,070,683.23","4,578,053.2","4,633,015.47","4,002,625.2","3,396,807.43","5,552,679.59"
	SellingGeneralAndAdministration,"266,651,770.02","142,859,419.7","-105,547,564.85","237,314,089.02","-7,974,173.85","93,886,412.47","-49,441,930.59","86,794,210.24","-7,889,316.12","100,349,918.36","16,341,251.43","89,310,227.08","2,059,871.43","74,224,458.66","39,869,354.86","98,017,770.2","30,963,380.18","62,786,539.13","-9,838,040.06","79,491,434.69","23,137,283.52","50,634,056.3","17,849,316.88","67,581,411.16","14,269,416.2","38,358,316.89","-21,182,739.71","37,225,120.65","15,604,975.79","37,176,466.01","-26,149,452.08","32,968,058.68","33,558,665.82","9,324,707.09","-603,496.85","10,515,511.54","1,594,961.27","6,854,235.17","-7,960,204.84","11,784,668.8","8,426,651.04","6,511,026.67","-788,223.82","6,911,477.05","8,344,036.94","5,219,594.33","545,469.84","4,427,476.81","4,540,899.02","3,894,606.81","2,930,135.66","4,740,784.22"
		GeneralAndAdministrativeExpense,"243,958,132.93","137,045,085.43","-115,355,689.83","235,341,152.94","-13,072,415.61","89,644,720.29","-45,945,850.84","77,115,025.79","-19,091,418.82","91,903,352.21","-1,484,656.16","78,494,609.4","-9,222,460.93","64,317,842.92","18,947,183.92","86,660,251.04","19,841,210.2","54,515,768.22","-23,185,542.43","69,026,507.57","12,781,325.66","43,754,242.57","4,038,557.92","58,891,172.24","6,353,618.19","31,820,662.62","-33,344,492.41","30,066,034.18","8,809,235.18","32,452,415.48","-32,735,203.71","26,722,978.05","27,019,464.76","7,260,985.51","-4,858,038.68","8,076,924.53","-1,106,098.37","5,583,710.07","-12,066,154.08","8,610,561.64","6,033,258.21","4,659,843.72","-4,475,555.29","4,601,056.01","4,919,880.14","3,655,821.64","-2,124,507.86","2,661,753.78","2,798,450.3","2,254,906.97","1,414,267.93","2,022,415.69"
		SellingAndMarketingExpense,"22,693,637.09","5,814,334.27","9,808,124.98","1,972,936.08","5,098,241.76","4,241,692.18","-3,496,079.75","9,679,184.45","11,202,102.7","8,446,566.15","17,825,907.59","10,815,617.68","11,282,332.36","9,906,615.74","20,922,170.94","11,357,519.16","11,122,169.98","8,270,770.91","13,347,502.37","10,464,927.12","10,355,957.86","6,879,813.73","13,810,758.96","8,690,238.92","7,915,798.01","6,537,654.27","12,161,752.7","7,159,086.47","6,795,740.61","4,724,050.53","6,585,751.63","6,245,080.63","6,539,201.06","2,063,721.58","4,254,541.83","2,438,587.01","2,701,059.64","1,270,525.1","4,105,949.24","3,174,107.16","2,393,392.83","1,851,182.95","3,687,331.47","2,310,421.04","3,424,156.8","1,563,772.69","2,669,977.7","1,765,723.03","1,742,448.72","1,639,699.84","1,515,867.73","2,718,368.53"
	ResearchAndDevelopment,"19,016,407.91","5,681,707.25","3,966,650.15","7,110,688.89","2,257,361.62","5,491,674.91","6,045,646.22","6,047,245.96","6,492,583.33","5,683,411.58","12,833,109.61","10,305,859.83","12,858,248.95","12,365,285.96","19,523,779.34","21,080,180.51",,,"39,384,224.23","3,089,377.86",,,,,,,,,,,,,,,,,,,,,,,,,,,,,,,,
	OtherOperatingExpenses,"132,097,904.48","42,474,887.32","70,255,287.45","-4,191,864.35","23,559,594.06","3,897,112.66","35,135,019.55","6,314,847","7,960,475.49","3,392,961.3","15,289,244.39","4,237,011.59","4,273,693.72","4,947,241.85","171,693,923.76","3,964,918.17","16,638,898.94","18,089,192.15","18,969,554.64","16,921,276.44","11,491,564.05","11,153,217.18","26,254,406.81","7,331,345.87","10,761,705.17","4,255,315.91","12,348,146.53","1,055,357.66","3,653,838.63","701,530.4","6,261,769.49","17,751.53","-911,331.76","175,617.09","102,281,010.21","197,140.29","1,568,921.3","312,538.62","2,958,820.68","275,470.71","738,907.04","442,606.85","3,103,082.93","207,231.29","208,160.94","278,772.62","2,384,720.47","150,576.39","92,116.45","108,018.39","466,671.77","811,895.37"
OperatingIncome,"8,176,201,043.78","4,293,620,127.17","2,483,875,982.67","723,884,831","674,820,102.94","309,574,722.25","73,871,688.72","41,308,699.07","349,206,118.99","406,366,765.39","284,334,907.46","539,240,788.02","669,280,758.47","725,724,176.44","525,768,460.99","828,537,965.72","1,049,413,509.08","1,149,387,031.86","958,428,002.19","1,009,958,538.74","849,841,028.23","669,839,894.58","698,603,752.05","666,817,828.57","655,357,222.45","483,635,509.79","169,929,481.97","234,863,487.24","172,268,364.86","90,077,155.23","181,602,670.29","35,887,540.11","117,590,357.92","-13,081,808.17","-112,344,234.32","5,876,940.93","12,815,228.06","6,604,144.3","7,807,787.13","14,833,196.55","13,959,944.45","6,805,077.93","7,803,220.8","10,980,802.34","8,204,149.29","7,717,802.39","7,479,909.5","12,524,173.66","15,089,345.71","6,979,142.85","12,197,364.4","11,183,074.36"
NetNonOperatingInterestIncomeExpense,"-1,327,431,142.83","-243,241,179.05","32,346,493.75","-854,307,790.81","-262,228,666.72","-402,081,148.15","-540,900,514.48","-248,005,735.19","16,856,441.15","-1,007,285,985.2","-399,103,807.89","-639,428,048.81","-499,425,091.62","-509,652,597.65","-111,859,846.64","-117,069,680.35","-29,772,749.74","-38,732,631.76","-73,591,127.45","-23,939,120.74","-55,792,231.68","8,965,611.59","-51,619,956.52","7,423,175.6","-9,915,835.56","-17,655,371.19","1,566,430.16","-60,479,085.22","-40,592,454.96","2,413,842.29","5,606,122.25","0","-15,259,879.34","-7,446,885.87","-10,855,839.56","-9,217,514.83","-7,823,622.05","-6,029,775.86","-3,491,853.8","-619,139.93","608,908.42","1,715,557.25","2,844,460.47","1,101,345.83","2,164,609.98","2,245,475.22","3,164,535.36","-1,244,258.54","-665,772.67","-1,682,326.69","-1,173,534.5","-1,195,420.9"
	InterestIncomeNonOperating,"4,178,639.3","1,673,208.41","1,152,319.12","621,970.52","731,141.25","881,291.03","1,269,985.23","94,684.09","-60,555.34","5,766,126.54","4,477,921.37","1,475,219.38","1,768,613.01","1,237,631.03","18,837,217.26","7,701,076.98",,,,,,,,,,,,,,,,"0",,,,,,,,,,,,,,,,,,,,
	InterestExpenseNonOperating,"1,405,620,148.39","282,484,105.68","309,776,810.74","497,658,741.82","315,700,490.15","345,241,482.31","421,774,444.05","413,209,539.43","478,872,254.24","506,247,802.52","484,569,290.59","553,559,821.2","508,680,139.3","496,961,638.11","213,690,503.02","97,689,136.97","65,019,851.6","38,732,631.76","95,875,379.28","23,939,120.74","67,742,033.01","-8,965,611.59","68,609,224.12","-7,423,175.6","17,664,002.4","17,655,371.19","19,505,833.36","60,479,085.22","47,258,337.78","-2,413,842.29","9,092,447.34","0","23,133,106.32","7,446,885.87","9,411,992.51","9,217,514.83","8,481,311.91","6,029,775.86","7,566,517.16","619,139.93","-608,908.42","-1,715,557.25","6,301,600.84","-1,101,345.83","2,695,641.89","-2,245,475.22","-172,702.75","1,244,258.54","751,219.37","1,682,326.69","1,571,914.29","1,195,420.9"
	TotalOtherFinanceCost,"-74,010,366.26","-37,569,718.22","-340,970,985.37","357,271,019.51","-52,740,682.18","57,720,956.87","120,396,055.66","-165,109,120.15","-495,789,250.73","506,804,309.22","-80,987,561.33","87,343,446.99","-7,486,434.67","13,928,590.57","-82,993,439.12","27,081,620.36","-37,863,126.26","38,732,631.76","-21,269,934.81","23,939,120.74","11,147,913.54","-8,965,611.59","-16,125,604.66","-7,423,175.6","-16,574,844.89","17,655,371.19","-96,539,493.98","60,479,085.22","3,489,515.68","-2,413,842.29","-30,237,155.56",,"-4,861,257.66","7,446,885.87","-19,799,234.6","9,217,514.83","-5,283,680.9","6,029,775.86","2,563,601.73","619,139.93","-608,908.42","-1,715,557.25","5,481,780.58","-1,101,345.83","2,505,935.21","-2,245,475.22","-3,538,838.73","1,244,258.54","-1,628,567.59","1,682,326.69","-2,935,723.2","1,195,420.9"
PretaxIncome,"9,158,605,233.87","5,050,730,785.88","2,819,144,449.21","684,163,303.22","604,566,695.56","-144,209,289.27","-589,774,315.78","-334,896,632.96","237,314,840.51","-366,774,860.09","-5,271,228,469.32","87,984,170.24","311,626,991.32","391,409,895.54","794,516,976.68","743,136,017.1","1,034,584,603.18","1,061,479,592.64","975,727,868.43","950,207,587.48","848,581,246.03","677,080,575","346,708,893.85","684,487,422.19","656,227,731.96","471,261,446.96","169,059,860.67","119,443,463.48","129,259,663.8","95,290,028.34","212,043,954.72","36,094,534.91","99,511,698.45","-19,862,969.58","-144,715,364.9","-2,993,599.54","6,222,968","2,472,378.47","4,276,315.81","18,714,527.29","16,433,840","9,532,413.75","10,144,532.22","14,854,386.68","12,669,612.1","10,769,581.1","12,334,987.94","12,153,670.12","13,825,832.56","9,150,435.12","13,311,342.23","10,109,100.18"
TaxProvision,"2,450,974,468.88","1,115,051,405.53","926,262,219.74","233,631,906.58","176,028,937.03","37,711,439.38","-34,414,460.84","-72,927,608.32","169,072,300.99","11,514,030.5","830,702,965.89","259,429.42","67,840,031.09","103,324,790.55","93,952,941.21","199,646,951.09","268,838,652.93","266,937,912.28","231,411,538.76","226,869,876.98","206,150,347.85","175,536,251.77","-47,742,967.01","153,912,182.71","134,107,448.13","131,848,450.79","-82,831,633.43","65,457,959.62","61,899,749.01","42,698,890.96","-5,397,237.81","20,761,249.89",,,"-7,919,405.27","-110,812.89","941,610.07","436,432.57","452,391.07","2,561,157.97","2,824,944.7","1,384,412.58","2,167,996.65","2,401,503.75","1,715,515.56","1,927,116.3","2,703,993.92","1,926,903.93","2,412,955.08","1,536,926.84","1,691,893.15","1,816,633.75"
NetIncomeCommonStockholders,"5,654,699,040.98","3,327,975,300.41","1,549,047,777.81","444,011,982.65","333,663,980.11","-247,866,438.13","-730,487,146.63","-406,713,476.02","-196,270,676.2","-500,294,446.02","-6,122,850,867.18","-53,920,615.55","82,114,804.17","111,294,216.99","511,029,793.6","379,691,868.96","649,173,835.43","660,216,685.22","626,617,492.04","594,430,676.36","518,211,962.04","405,778,717.99","308,557,093.23","456,693,931.52","462,489,042.86","284,310,867.11","186,589,480.9","20,296,923.55","11,204,849.52","29,771,826.27","106,033,658.21","7,048,364.92","37,282,417.45","-19,862,969.58","-136,795,959.63","-2,882,786.65","5,281,357.93","2,035,945.9","3,823,924.74","16,153,369.32","13,608,895.3","8,148,001.17","7,976,535.57","12,452,882.93","10,954,096.54","8,842,464.8","9,630,994.02","10,226,766.19","11,412,877.48","7,613,508.28","11,621,139.55","8,292,466.43"
	NetIncome,"5,654,699,040.98","3,327,975,300.41","1,549,047,777.81","444,011,982.65","333,663,980.11","-247,866,438.13","-730,487,146.63","-406,713,476.02","-196,270,676.2","-500,294,446.02","-6,122,850,867.18","-53,920,615.55","82,114,804.17","111,294,216.99","511,029,793.6","379,691,868.96","649,173,835.43","660,216,685.22","626,617,492.04","594,430,676.36","518,211,962.04","405,778,717.99","308,557,093.23","456,693,931.52","462,489,042.86","284,310,867.11","186,589,480.9","20,296,923.55","11,204,849.52","29,771,826.27","106,033,658.21","7,048,364.92","37,282,417.45","-19,862,969.58","-136,795,959.63","-2,882,786.65","5,281,357.93","2,035,945.9","3,823,924.74","16,153,369.32","13,608,895.3","8,148,001.17","7,976,535.57","12,452,882.93","10,954,096.54","8,842,464.8","9,630,994.02","10,226,766.19","11,412,877.48","7,613,508.28","11,621,139.55","8,292,466.43"
		NetIncomeIncludingNoncontrollingInterests,"6,707,630,764.99","3,935,679,380.35","1,892,882,229.47","450,531,396.64","428,537,758.53","-181,920,728.65","-555,359,854.94","-261,969,024.64","68,242,539.52","-378,288,890.59","-6,101,931,435.21","87,724,740.82","243,786,960.23","288,085,104.99","700,564,035.47","543,489,066.01","765,745,950.25","794,541,680.36","744,316,329.67","723,337,710.5","642,430,898.18","501,544,323.23","394,451,860.86","530,575,239.48","522,120,283.83","339,412,996.17","251,891,494.1","53,985,503.86","67,359,914.79","52,591,137.38","217,441,192.53","15,333,285.02","68,607,170.88","-19,862,969.58","-136,795,959.63","-2,882,786.65","5,281,357.93","2,035,945.9","3,823,924.74","16,153,369.32","13,608,895.3","8,148,001.17","7,976,535.57","12,452,882.93","10,954,096.54","8,842,464.8","9,630,994.02","10,226,766.19","11,412,877.48","7,613,508.28","11,619,449.08","8,292,466.43"
			NetIncomeContinuousOperations,"6,707,630,764.99","3,935,679,380.35","1,892,882,229.47","450,531,396.64","428,537,758.53","-181,920,728.65","-555,359,854.94","-261,969,024.64","68,242,539.52","-378,288,890.59","-6,101,931,435.21","87,724,740.82","243,786,960.23","288,085,104.99","700,564,035.47","543,489,066.01","765,745,950.25","794,541,680.36","744,316,329.67","723,337,710.5","642,430,898.18","501,544,323.23","394,451,860.86","530,575,239.48","522,120,283.83","339,412,996.17","251,891,494.1","53,985,503.86","67,359,914.79","52,591,137.38","217,441,192.53","15,333,285.02","68,607,170.88","-19,862,969.58","-136,795,959.63","-2,882,786.65","5,281,357.93","2,035,945.9","3,823,924.74","16,153,369.32","13,608,895.3","8,148,001.17","7,976,535.57","12,452,882.93","10,954,096.54","8,842,464.8","9,630,994.02","10,226,766.19","11,412,877.48","7,613,508.28","11,619,449.08","8,292,466.43"
		MinorityInterests,"-1,052,931,724.01","-607,704,079.94","-343,834,451.66","-6,519,413.99","-94,873,778.42","-65,945,709.48","-175,127,291.69","-144,744,451.38","-264,513,215.72","-122,005,555.43","-20,919,431.97","-141,645,356.37","-161,672,156.06","-176,790,888","-189,534,241.87","-163,797,197.05","-116,572,114.82","-134,324,995.14","-117,698,837.63","-128,907,034.14","-124,218,936.14","-95,765,605.24","-85,894,767.63","-73,881,307.96","-59,631,240.97","-55,102,129.06","-65,302,013.2","-33,688,580.31","-56,155,065.27","-22,819,311.11","-111,407,534.32","-8,284,920.1",,,,,,,,,,,,,,,,,,,"1,690.47",
	OtherunderPreferredStockDividend,"0","0","0","0","0","0","0","0","0","0","0","0","0","0","0","0","0","0","0","0","0","0","0","0","0","0","0","0","0","0","0","0","0","0","0","0","0","0","0","0","0","0","0","0","0","0","0","0","0","0","0","0"
BasicEPS,,"2.25",,,,"-0.17",,"-0.28",,"-0.34",,"-0.042",,"0.084",,"0.277",,"0.486",,"0.45",,"0.308",,"0.348",,"0.215",,"0.016",,"0.023",,"0.002",,"-0.022",,"-0.004",,"0.002",,"0.022",,"0.012",,"0.018",,"0.012",,"0.017",,"0.013",,"0.014"
DilutedEPS,,"2.25",,,,"-0.17",,"-0.28",,"-0.34",,"-0.042",,"0.084",,"0.277",,"0.486",,"0.45",,"0.308",,"0.345",,"0.215",,"0.016",,"0.023",,"0.002",,"-0.022",,"-0.004",,"0.002",,"0.022",,"0.012",,"0.018",,"0.012",,"0.017",,"0.013",,"0.014"
BasicAverageShares,,"1,479,100,134",,,,"1,458,037,871",,"1,452,548,129",,"1,471,454,253",,"1,285,789,920",,"1,326,959,836",,"1,371,837,078",,"1,357,199,472",,"1,320,723,502",,"1,319,372,270",,"1,311,541,532",,"1,324,980,404",,"1,301,513,461",,"1,310,314,938",,"3,967,266,830",,"914,738,655",,"730,176,827",,"1,031,363,537",,"743,902,429",,"687,931,779",,"700,927,235",,"746,565,005",,"597,766,776",,"578,524,323",,"572,832,745"
DilutedAverageShares,,"1,479,100,134",,,,"1,458,037,871",,"1,452,548,129",,"1,471,454,253",,"1,285,789,920",,"1,326,959,836",,"1,371,837,078",,"1,357,199,472",,"1,320,723,502",,"1,319,372,270",,"1,325,245,057",,"1,324,980,404",,"1,301,513,461",,,,"3,967,266,830",,"914,738,655",,"730,176,827",,"1,031,363,537",,"743,902,429",,"687,931,779",,"700,927,235",,"746,565,005",,"597,766,776",,"578,524,323",,"572,832,745"
TotalOperatingIncomeAsReported,"9,193,104,861.55","5,051,728,868.1","2,856,136,924.68","680,356,554.27","604,882,514.5","-152,246,648.53","-532,011,763.18","-349,711,039.44","227,493,515.96","-368,089,151.74","-5,240,506,183.5","84,122,802.24","280,621,263.63","337,630,020.05","791,467,723.45","719,856,471.06","1,004,854,624.37","1,069,513,390.06","939,466,485.18","966,315,093.45","845,995,149.78","674,119,786.8","411,638,743.42","677,746,010.82","658,308,043.69","468,865,519.93","173,680,854.95","118,487,162.78","128,485,481.3","93,854,812.97","182,274,906.39","33,585,488.79","98,280,361.02","-20,687,048.97","-150,110,305.5","-3,618,552.38","3,634,623.61","905,667.73","4,281,179.33","14,214,056.62","14,968,955.51","8,205,587.77","9,585,816.05","12,459,407.37","9,449,862.12","9,033,106.71","11,147,637.33","10,725,624.69","13,443,266.01","5,159,185.14","11,853,909.81","9,283,947.78"
TotalExpenses,"3,840,068,063.36","963,538,286.78","1,306,726,378.86","797,794,712.7","772,008,685.02","594,635,526.43","738,796,060.17","506,634,680.75","561,206,196.8","562,061,995.69","759,139,068.42","668,360,545.93","583,224,192.45","611,310,846.42","959,802,954.83","640,822,943.48","571,060,569.76","519,626,538.98","551,539,059.95","535,559,517.97","501,081,925.25","393,791,907.58","435,812,504.79","397,735,381.47","296,243,665.31","270,358,368.98","390,047,657.7","316,372,738.14","225,664,788.09","267,652,995.36","340,543,886.09","217,512,829.64","441,660,537.27","100,667,995.36","241,091,608.09","98,202,595.25","95,875,591.9","66,854,033.1","82,172,948.34","90,477,839.53","104,875,042.32","75,897,311.99","96,617,786.8","97,725,385.46","105,140,097.98","68,543,920.68","75,488,076.63","60,924,412.96","63,611,996.97","52,166,777.82","55,588,590.97","73,395,781.86"
NetIncomeFromContinuingAndDiscontinuedOperation,"5,654,699,040.98","3,327,975,300.41","1,549,047,777.81","444,011,982.65","333,663,980.11","-247,866,438.13","-730,487,146.63","-406,713,476.02","-196,270,676.2","-500,294,446.02","-6,122,850,867.18","-53,920,615.55","82,114,804.17","111,294,216.99","511,029,793.6","379,691,868.96","649,173,835.43","660,216,685.22","626,617,492.04","594,430,676.36","518,211,962.04","405,778,717.99","308,557,093.23","456,693,931.52","462,489,042.86","284,310,867.11","186,589,480.9","20,296,923.55","11,204,849.52","29,771,826.27","106,033,658.21","7,048,364.92","37,282,417.45","-19,862,969.58","-136,795,959.63","-2,882,786.65","5,281,357.93","2,035,945.9","3,823,924.74","16,153,369.32","13,608,895.3","8,148,001.17","7,976,535.57","12,452,882.93","10,954,096.54","8,842,464.8","9,630,994.02","10,226,766.19","11,412,877.48","7,613,508.28","11,621,139.55","8,292,466.43"
NormalizedIncome,"6,062,001,014.849","3,784,623,316.845","1,573,194,983.061","441,591,352.776","289,587,284.882","-153,322,960.818","-886,747,954.997","-250,295,228.863","-109,607,631.483","-585,444,390.555","-6,047,654,906.993","-158,497,200.76","30,470,024.557","124,345,773.411","501,938,978.425","391,858,584.214","617,229,560.093","695,213,651.99","611,592,680.381","617,530,011.176","527,930,763.3","411,220,329.786","510,261,186.998","457,897,714.705","462,694,277.402","285,685,930.715","191,092,640.313","62,456,941.713","12,005,019.878","30,289,400.25","116,841,050.465","7,711,047.378","34,545,571.983","-19,680,183.05","-104,905,579.983","-2,615,097.989","6,919,096.461","1,919,955.65","4,822,671.297","16,153,369.32","13,596,081.118","8,417,293.579","7,946,565.129","12,136,615.099","11,123,902.365","9,606,190.275","9,030,306.883","10,693,176.63","12,009,972.889","7,735,544.119","10,696,058.754","8,869,714.219"
InterestIncome,"4,178,639.3","1,673,208.41","1,152,319.12","621,970.52","731,141.25","881,291.03","1,269,985.23","94,684.09","-60,555.34","5,766,126.54","4,477,921.37","1,475,219.38","1,768,613.01","1,237,631.03","18,837,217.26","7,701,076.98",,,,,,,,,,,,,,,,"0",,,,,,,,,,,,,,,,,,,,
InterestExpense,"1,405,620,148.39","282,484,105.68","309,776,810.74","497,658,741.82","315,700,490.15","345,241,482.31","421,774,444.05","413,209,539.43","478,872,254.24","506,247,802.52","484,569,290.59","553,559,821.2","508,680,139.3","496,961,638.11","213,690,503.02","97,689,136.97","65,019,851.6","38,732,631.76","95,875,379.28","23,939,120.74","67,742,033.01","-8,965,611.59","68,609,224.12","-7,423,175.6","17,664,002.4","17,655,371.19","19,505,833.36","60,479,085.22","47,258,337.78","-2,413,842.29","9,092,447.34","0","23,133,106.32","7,446,885.87","9,411,992.51","9,217,514.83","8,481,311.91","6,029,775.86","7,566,517.16","619,139.93","-608,908.42","-1,715,557.25","6,301,600.84","-1,101,345.83","2,695,641.89","-2,245,475.22","-172,702.75","1,244,258.54","751,219.37","1,682,326.69","1,571,914.29","1,195,420.9"
NetInterestIncome,"-1,327,431,142.83","-243,241,179.05","32,346,493.75","-854,307,790.81","-262,228,666.72","-402,081,148.15","-540,900,514.48","-248,005,735.19","16,856,441.15","-1,007,285,985.2","-399,103,807.89","-639,428,048.81","-499,425,091.62","-509,652,597.65","-111,859,846.64","-117,069,680.35","-29,772,749.74","-38,732,631.76","-73,591,127.45","-23,939,120.74","-55,792,231.68","8,965,611.59","-51,619,956.52","7,423,175.6","-9,915,835.56","-17,655,371.19","1,566,430.16","-60,479,085.22","-40,592,454.96","2,413,842.29","5,606,122.25","0","-15,259,879.34","-7,446,885.87","-10,855,839.56","-9,217,514.83","-7,823,622.05","-6,029,775.86","-3,491,853.8","-619,139.93","608,908.42","1,715,557.25","2,844,460.47","1,101,345.83","2,164,609.98","2,245,475.22","3,164,535.36","-1,244,258.54","-665,772.67","-1,682,326.69","-1,173,534.5","-1,195,420.9"
EBIT,"10,564,225,382.26","5,333,214,891.56","3,128,921,259.95","1,181,822,045.04","920,267,185.71","201,032,193.04","-167,999,871.73","78,312,906.47","716,187,094.75","139,472,942.43","-4,786,659,178.73","641,543,991.44","820,307,130.62","888,371,533.65","1,008,207,479.7","840,825,154.07","1,050,429,647.32","1,149,387,031.86","1,049,003,395.28","1,009,958,538.74","914,598,347.87","669,839,894.58","439,731,952.14","666,817,828.57","679,173,042.72","483,635,509.79","135,387,646.4","234,863,487.24","179,317,032.4","90,077,155.23","230,123,139.36","35,887,540.11","123,310,529.23","-13,081,808.17","-132,224,465.49","5,876,940.93","16,602,289.94","6,604,144.3","19,220,069.34","14,833,196.55","13,959,944.45","6,805,077.93","23,049,226.01","10,980,802.34","16,171,557.48","7,717,802.39","16,548,890.05","12,524,173.66","18,430,670.89","6,979,142.85","17,677,548.71","11,183,074.36"
EBITDA,"10,564,225,382.26"
ReconciledCostOfRevenue,"3,195,605,951.44","773,630,199.33","1,104,973,645.12","660,963,526.96","656,038,580.03","492,384,983.14","553,081,941.42","408,419,144.65","480,206,838.38","453,543,271.2","529,124,703.08","565,402,453.45","487,551,136.23","520,563,223.73","601,582,852.4","518,543,301.42","463,797,172.93","439,465,171.48","436,022,852.67","440,148,551.99","425,071,469.81","332,004,634.1","328,704,218.22","322,822,624.44","243,376,879.56","227,744,736.18","314,658,458.49","278,092,259.83","167,994,458.82","229,774,998.95","291,117,118.93","184,527,019.43","397,199,662.25","91,167,671.18","120,555,523.43","87,489,943.42","85,586,624.81","59,687,259.31","68,791,978.06","78,417,700.02","95,709,484.24","68,943,678.47","85,952,397.17","90,606,677.12","96,587,900.1","63,045,553.73","66,417,393.4","56,346,359.76","58,978,981.5","48,164,152.62","52,191,783.54","67,843,102.27"
NetIncomeFromContinuingOperationNetMinorityInterest,"5,654,699,040.98","3,327,975,300.41","1,549,047,777.81","444,011,982.65","333,663,980.11","-247,866,438.13","-730,487,146.63","-406,713,476.02","-196,270,676.2","-500,294,446.02","-6,122,850,867.18","-53,920,615.55","82,114,804.17","111,294,216.99","511,029,793.6","379,691,868.96","649,173,835.43","660,216,685.22","626,617,492.04","594,430,676.36","518,211,962.04","405,778,717.99","308,557,093.23","456,693,931.52","462,489,042.86","284,310,867.11","186,589,480.9","20,296,923.55","11,204,849.52","29,771,826.27","106,033,658.21","7,048,364.92","37,282,417.45","-19,862,969.58","-136,795,959.63","-2,882,786.65","5,281,357.93","2,035,945.9","3,823,924.74","16,153,369.32","13,608,895.3","8,148,001.17","7,976,535.57","12,452,882.93","10,954,096.54","8,842,464.8","9,630,994.02","10,226,766.19","11,412,877.48","7,613,508.28","11,621,139.55","8,292,466.43"
TotalUnusualItemsExcludingGoodwill,"-556,130,490.83","-586,024,920.23","-35,963,388.84","3,675,895.05","62,181,923.19","-126,057,969.75","165,943,956.01","-199,962,359.59","-115,550,726.29","113,533,259.38","-100,261,280.25","104,885,850.79","66,016,276.15","-17,732,636.11","10,309,988.27","-16,636,073.99","43,159,295.08","-46,754,710.23","19,696,098.11","-30,344,281.64","-12,837,477.94","-7,346,129.69","-268,938,791.69","-1,552,983.23","-257,949.37","-1,909,221.13","-6,004,212.55","-56,213,357.55","-1,066,893.81","-690,098.64","-14,409,856.34","-883,576.61","3,649,127.29","-182,786.53","-33,736,580.67","-277,978.48","-1,929,729.93","140,854.33","-1,116,903.7","0","15,474.16","-315,047.41","38,116.31","377,259.2","-196,399.03","-930,170.9","769,335.81","-554,290.43","-723,335.65","-146,671.02","1,059,780.63","-703,705.68"
TotalUnusualItems,"-556,130,490.83","-586,024,920.23","-35,963,388.84","3,675,895.05","62,181,923.19","-126,057,969.75","165,943,956.01","-199,962,359.59","-115,550,726.29","113,533,259.38","-100,261,280.25","104,885,850.79","66,016,276.15","-17,732,636.11","10,309,988.27","-16,636,073.99","43,159,295.08","-46,754,710.23","19,696,098.11","-30,344,281.64","-12,837,477.94","-7,346,129.69","-268,938,791.69","-1,552,983.23","-257,949.37","-1,909,221.13","-6,004,212.55","-56,213,357.55","-1,066,893.81","-690,098.64","-14,409,856.34","-883,576.61","3,649,127.29","-182,786.53","-33,736,580.67","-277,978.48","-1,929,729.93","140,854.33","-1,116,903.7","0","15,474.16","-315,047.41","38,116.31","377,259.2","-196,399.03","-930,170.9","769,335.81","-554,290.43","-723,335.65","-146,671.02","1,059,780.63","-703,705.68"
NormalizedEBITDA,"11,120,355,873.09","5,919,239,811.79","3,164,884,648.79","1,178,146,149.99","858,085,262.52","327,090,162.79","-333,943,827.74","278,275,266.06","831,737,821.04","25,939,683.05","-4,686,397,898.48","536,658,140.65","754,290,854.47","906,104,169.76","997,897,491.43","857,461,228.06","1,007,270,352.24","1,196,141,742.09","1,029,307,297.17","1,040,302,820.38","927,435,825.81","677,186,024.27","708,670,743.83","668,370,811.8","679,430,992.09","485,544,730.92","141,391,858.95","291,076,844.79","180,383,926.21","90,767,253.87","244,532,995.7","36,771,116.72","119,661,401.94","-12,899,021.64","-98,487,884.82","6,154,919.41","18,532,019.87","6,463,289.97","20,336,973.04","14,833,196.55","13,944,470.29","7,120,125.34","23,011,109.7","10,603,543.14","16,367,956.51","8,647,973.29","15,779,554.24","13,078,464.09","19,154,006.54","7,125,813.87","16,617,768.08","11,886,780.04"
TaxRateForCalcs,"0.268","0.221","0.329","0.341","0.291","0.25","0.058","0.218","0.25","0.25","0.25","0.003","0.218","0.264","0.118","0.269","0.26","0.251","0.237","0.239","0.243","0.259","0.25","0.225","0.204","0.28","0.25","0.25","0.25","0.25","0.25","0.25","0.25","0","0.055","0.037","0.151","0.177","0.106","0.137","0.172","0.145","0.214","0.162","0.135","0.179","0.219","0.159","0.175","0.168","0.127","0.18"
TaxEffectOfUnusualItems,"-148,828,516.961","-129,376,903.795","-11,816,183.589","1,255,265.176","18,105,227.962","-31,514,492.438","9,683,147.643","-43,544,112.433","-28,887,681.573","28,383,314.845","-25,065,320.063","309,265.58","14,371,496.537","-4,681,079.689","1,219,173.095","-4,469,358.736","11,215,019.743","-11,757,743.46","4,671,286.451","-7,244,946.824","-3,118,676.68","-1,904,517.894","-67,234,697.923","-349,200.045","-52,714.828","-534,157.525","-1,501,053.138","-14,053,339.388","-266,723.453","-172,524.66","-3,602,464.085","-220,894.153","912,281.823","0","-1,846,201.023","-10,289.819","-291,991.399","24,864.08","-118,157.143","0","2,659.978","-45,755.001","8,145.869","60,991.369","-26,593.205","-166,445.425","168,648.673","-87,879.99","-126,240.241","-24,635.181","134,699.834","-126,457.891"