name,ttm,03/31/2022,12/31/2021,09/30/2021,06/30/2021,03/31/2021,12/31/2020,09/30/2020,06/30/2020,03/31/2020,12/31/2019,09/30/2019,06/30/2019,03/31/2019,12/31/2018,09/30/2018,06/30/2018,03/31/2018,12/31/2017,09/30/2017,06/30/2017,03/31/2017,12/31/2016,09/30/2016,06/30/2016,03/31/2016,12/31/2015,09/30/2015,06/30/2015,03/31/2015,12/31/2014,09/30/2014,06/30/2014,03/31/2014,12/31/2013,09/30/2013,06/30/2013,03/31/2013,12/31/2012,09/30/2012,06/30/2012,03/31/2012,12/31/2011,09/30/2011,06/30/2011,03/31/2011,12/31/2010,09/30/2010,06/30/2010,03/31/2010,12/31/2009,09/30/2009,06/30/2009,03/31/2009,12/31/2008,09/30/2008,06/30/2008,03/31/2008,12/31/2007,09/30/2007,06/30/2007,03/31/2007
TotalRevenue,"14,639,436,293,380","4,049,426,948,560","3,815,946,858,580","3,439,792,617,780","3,334,269,868,460","2,963,210,903,980","3,251,385,428,110","3,087,240,977,280","2,558,614,011,130","2,397,530,029,530","2,820,919,028,500","2,567,937,571,530","2,404,505,708,740","2,304,063,855,000","2,478,646,280,950","2,522,796,294,000","2,247,955,563,000","1,908,874,317,000","1,854,465,695,970","1,708,005,320,000","1,454,310,799,000","1,304,779,107,000","1,302,885,125,210","1,289,989,982,000","1,317,241,428,000","1,290,705,976,000","1,861,790,056,950","1,997,714,428,000","1,843,933,582,000","1,865,892,773,220","1,910,117,543,640","1,891,840,865,000","1,048,642,381,000","1,135,684,154,000","1,204,785,422,440","1,296,633,752,000","1,306,853,447,000","1,208,192,281,000","1,414,202,575,900","1,502,889,489,000","1,477,401,363,000","1,376,691,492,000","1,437,767,636,210","1,447,666,771,000","1,349,401,986,000","1,209,045,001,000","1,244,980,211,000","1,347,811,215,000","1,326,571,854,000","1,204,911,656,000","1,004,129,875,000","963,513,566,000","894,407,477,000","688,533,427,000","33,488,671,000","1,301,417,710,000","1,290,404,448,000","1,100,884,779,000","1,150,382,091,000","912,746,508,000","861,719,280,000","867,617,293,000"
	OperatingRevenue,"14,639,436,293,380","4,049,426,948,560","3,815,946,858,580","3,439,792,617,780","3,334,269,868,460","2,963,210,903,980","3,251,385,428,110","3,087,240,977,280","2,558,614,011,130","2,397,530,029,530","2,820,919,028,500","2,567,937,571,530","2,404,505,708,740","2,304,063,855,000","2,478,646,280,950","2,522,796,294,000","2,247,955,563,000","1,908,874,317,000","1,854,465,695,970","1,708,005,320,000","1,454,310,799,000","1,304,779,107,000","1,302,885,125,210","1,289,989,982,000","1,317,241,428,000","1,290,705,976,000","1,861,790,056,950","1,997,714,428,000","1,843,933,582,000","1,865,892,773,220","1,910,117,543,640","1,891,840,865,000","1,048,642,381,000","1,135,684,154,000","1,204,785,422,440","1,296,633,752,000","1,306,853,447,000","1,208,192,281,000","1,414,202,575,900","1,502,889,489,000","1,477,401,363,000","1,376,691,492,000","1,437,767,636,210","1,447,666,771,000","1,349,401,986,000","1,209,045,001,000","1,244,980,211,000","1,347,811,215,000","1,326,571,854,000","1,204,911,656,000","1,004,129,875,000","963,513,566,000","894,407,477,000","688,533,427,000","33,488,671,000","1,301,417,710,000","1,290,404,448,000","1,100,884,779,000","1,150,382,091,000","912,746,508,000","861,719,280,000","867,617,293,000"
CostOfRevenue,"11,312,529,913,820","3,193,858,714,030","2,980,556,634,210","2,571,947,148,730","2,566,167,416,850","2,356,930,869,320","2,551,194,334,680","2,384,339,495,610","2,039,595,647,420","1,939,087,955,260","2,238,397,527,510","1,996,841,919,150","1,874,018,820,770","1,772,997,183,000","1,899,983,532,430","1,921,827,414,000","1,763,750,091,000","1,532,627,490,000","1,496,816,786,170","1,380,287,714,000","1,186,012,804,000","1,089,354,772,000","1,108,876,026,520","1,109,488,291,000","1,084,971,160,000","1,146,914,540,000","1,544,394,341,140","1,617,241,859,000","1,511,762,776,000","1,512,793,559,820","1,551,341,713,270","1,570,317,050,000","878,425,599,000","999,902,071,000","1,026,689,897,770","1,088,752,941,000","1,089,986,112,000","1,054,574,245,000","1,198,831,387,270","1,248,129,331,000","1,221,309,033,000","1,195,066,063,000","1,263,870,489,740","1,275,949,238,000","1,141,663,618,000","1,079,129,114,000","1,084,214,434,930","1,104,740,860,870","1,118,390,493,000","1,026,578,135,000","870,379,472,000","785,031,115,000","753,565,158,000","648,032,728,000","-99,702,174,000","1,123,297,568,000","1,131,559,561,000","1,022,452,676,000","1,159,103,299,000","878,408,927,000","818,495,197,000","811,369,985,000"
GrossProfit,"3,326,906,379,560","855,568,234,530","835,390,224,370","867,845,469,050","768,102,451,610","606,280,034,660","700,191,093,430","702,901,481,670","519,018,363,710","458,442,074,270","582,521,500,990","571,095,652,380","530,486,887,970","531,066,672,000","578,662,748,520","600,968,880,000","484,205,472,000","376,246,827,000","357,648,909,800","327,717,606,000","268,297,995,000","215,424,335,000","194,009,098,690","180,501,691,000","232,270,268,000","143,791,436,000","317,395,715,810","380,472,569,000","332,170,806,000","353,099,213,400","358,775,830,370","321,523,815,000","170,216,782,000","135,782,083,000","178,095,524,670","207,880,811,000","216,867,335,000","153,618,036,000","215,371,188,630","254,760,158,000","256,092,330,000","181,625,429,000","173,897,146,470","171,717,533,000","207,738,368,000","129,915,887,000","160,765,776,070","243,070,354,130","208,181,361,000","178,333,521,000","133,750,402,000","178,482,451,000","140,842,319,000","40,500,699,000","133,190,844,000","178,120,142,000","158,844,887,000","78,432,103,000","-8,721,208,000","34,337,581,000","43,224,083,000","56,247,308,000"
OperatingExpense,"2,070,203,999,000","533,269,489,000","569,675,023,000","494,358,821,000","472,900,665,000","473,108,069,000","453,968,732,000","435,550,149,000","415,204,292,000","404,470,479,000","562,380,205,000","405,136,288,000","373,189,142,000","412,268,582,000","329,984,569,000","359,426,421,000","331,403,553,000","304,278,187,000","239,050,728,000","267,560,603,000","262,833,832,000","282,748,895,000","252,028,831,000","290,890,839,000","286,435,694,000","847,549,762,000","398,218,425,000","362,609,892,000","335,892,297,000","346,249,717,000","302,584,112,000","295,284,638,000","169,479,715,000","174,737,331,000","233,663,567,000","178,698,931,000","184,593,782,000","186,899,785,000","40,440,504,000","375,328,679,000","172,123,413,000","133,082,280,000","132,259,396,000","129,597,288,000","142,733,327,000","220,495,988,000","135,757,665,000","119,145,029,000","159,878,737,000","138,239,678,000","99,235,170,000","113,464,698,000","103,832,256,000","88,814,565,000","-17,145,009,000","132,852,311,000","171,119,137,000","172,888,677,000","197,745,366,000","152,233,144,000","176,292,732,000","165,867,491,000"
	SellingGeneralAndAdministration,"615,138,239,000","138,902,894,000","191,132,756,000","159,388,885,000","125,713,702,000","118,415,753,000","184,812,675,000","105,121,609,000","103,421,551,000","87,882,844,000","327,200,557,000","93,317,068,000","84,149,956,000","120,674,347,000","73,583,190,000","97,294,167,000","76,500,323,000","68,815,309,000","39,523,573,000","63,435,911,000","52,717,423,000","53,178,968,000","37,855,362,000","86,548,216,000","53,124,085,000","58,342,694,000","127,192,093,000","100,667,924,000","85,591,891,000","81,121,234,000","109,935,609,000","101,935,687,000","41,661,426,000","55,126,898,000","59,712,696,000","57,431,127,000","45,854,924,000","57,322,556,000","74,091,449,000","62,041,568,000","58,726,184,000","62,715,135,000","64,449,865,000","58,182,210,000","50,060,917,000","45,055,847,000","54,329,001,000","50,320,126,000","57,742,240,000","49,517,110,000","35,561,424,000","37,341,610,000","36,118,820,000","31,555,045,000","25,493,195,000","48,482,670,000","49,001,670,000","47,224,921,000","80,980,945,000","41,638,741,000","50,469,458,000","41,335,787,000"
		GeneralAndAdministrativeExpense,"288,912,755,000","62,082,379,000","95,695,909,000","80,155,512,000","50,978,955,000","55,703,213,000","120,689,898,000","49,756,893,000","44,324,426,000","32,271,386,000","260,364,609,000","60,418,078,000","38,066,811,000","74,900,052,000","27,352,658,000","51,398,834,000","40,367,614,000","34,124,363,000","562,201,000","31,491,088,000","20,341,073,000","22,804,443,000","-4,522,082,000","60,961,901,000","17,312,482,000","29,710,012,000","63,712,670,000","41,942,765,000","31,402,339,000","33,055,029,000","50,210,795,000","39,156,274,000","17,210,769,000","25,517,106,000","30,965,696,000","26,281,261,000","15,092,312,000","25,007,027,000","32,506,969,000","28,828,304,000","26,707,731,000","31,465,290,000","31,813,210,000","26,034,686,000","22,377,915,000","17,481,007,000","18,738,193,000","24,250,868,000","17,880,437,000","15,442,871,000","10,836,832,000","15,735,234,000","17,177,596,000","10,006,653,000","15,273,941,000","21,453,465,000","22,467,585,000","21,572,929,000","4,063,932,000","14,572,921,000","11,400,456,000","15,632,468,000"
			RentAndLandingFees,,,,,,,,,,,,,,,,,,,,"2,984,130,000","3,025,045,000","2,877,968,000","1,563,287,000","2,631,643,000","2,308,910,000","2,532,513,000","3,688,878,000","3,007,484,000","2,964,238,000","3,062,960,000","5,394,208,000","5,209,139,000","2,851,477,000","2,132,449,000","2,143,272,000","1,822,245,000","1,888,026,000","1,549,087,000","2,413,629,000","1,796,533,000","2,527,350,000","1,942,359,000","1,178,238,000","1,289,998,000","1,707,076,000","1,240,216,000","2,117,995,000","1,571,230,000","3,296,708,000","1,182,826,000","634,707,000","1,096,269,000","2,568,680,000","2,794,137,000","701,291,000","2,600,061,000","3,000,702,000","2,794,329,000","924,688,000","657,766,000","957,827,000","1,486,866,000"
		SellingAndMarketingExpense,"326,225,484,000","76,820,515,000","95,436,847,000","79,233,373,000","74,734,747,000","62,712,540,000","64,122,777,000","55,364,716,000","59,097,125,000","55,611,458,000","66,835,948,000","32,898,990,000","46,083,145,000","45,774,295,000","46,230,532,000","45,895,333,000","36,132,709,000","34,690,946,000","38,961,372,000","31,944,823,000","32,376,350,000","30,374,525,000","42,377,444,000","25,586,315,000","35,811,603,000","28,632,682,000","63,479,423,000","58,725,159,000","54,189,552,000","48,066,205,000","59,724,814,000","62,779,413,000","24,450,657,000","29,609,792,000","28,747,000,000","31,149,866,000","30,762,612,000","32,315,529,000","41,584,480,000","33,213,264,000","32,018,453,000","31,249,845,000","32,636,655,000","32,147,524,000","27,683,002,000","27,574,840,000","35,590,808,000","26,069,258,000","39,861,803,000","34,074,239,000","24,724,592,000","21,606,376,000","18,941,224,000","21,548,392,000","10,219,254,000","27,029,205,000","26,534,085,000","25,651,992,000","76,917,013,000","27,065,820,000","39,069,002,000","25,703,319,000"
	ResearchAndDevelopment,"914,810,825,000","258,347,973,000","233,879,924,000","207,179,555,000","215,403,373,000","221,185,053,000","188,590,505,000","210,557,586,000","210,782,948,000","198,369,034,000","171,332,416,000","191,465,426,000","176,655,066,000","172,956,463,000","138,468,405,000","164,846,908,000","147,464,949,000","153,171,849,000","113,065,957,000","137,107,164,000","134,643,138,000","141,117,436,000","147,630,182,000","118,888,900,000","136,611,345,000","149,398,927,000","154,763,669,000","139,659,608,000","140,009,467,000","136,585,380,000","18,777,195,000","10,899,240,000","11,575,390,000","16,987,046,000","26,503,211,000","17,065,136,000","9,422,862,000","21,839,402,000","20,906,662,000","8,846,737,000","14,512,142,000","12,231,927,000","16,873,540,000","9,246,697,000","5,145,311,000","11,593,808,000","20,408,412,000","12,893,726,000","9,408,216,000","12,203,086,000","14,885,431,000","10,462,376,000","10,650,488,000","11,367,214,000","-11,005,175,000","19,809,543,000","28,120,899,000","31,507,508,000","31,899,364,000","25,631,655,000","25,113,708,000","26,806,603,000"
	OtherOperatingExpenses,"-3,637,000","-90,809,000","-24,300,000","117,740,000","-6,268,000","68,534,000","-124,796,000","270,791,000","-32,879,000","-1,726,286,000","7,783,000","-2,140,000",,"7,007,000","-347,508,000","-7,364,930,000","21,630,000",,"-2,792,271,000","3,647,853,000","4,010,041,000","4,714,783,000","3,817,229,000","7,662,023,000","2,465,846,000","2,885,782,000","2,428,504,000","2,886,469,000","2,627,820,000","1,988,690,000","4,096,143,000","4,412,437,000","3,025,910,000","3,063,761,000","5,432,530,000","4,934,882,000","4,539,714,000","5,799,421,000","-211,471,094,000","216,277,668,000","6,959,636,000","5,880,748,000","22,779,043,000","5,685,615,000","7,250,679,000","129,319,414,000","13,215,686,000","16,764,338,000","6,728,843,000","5,112,168,000",,"3,230,717,000","1,954,512,000","1,841,739,000",,"3,894,137,000","2,378,437,000","4,285,800,000",,"6,328,683,000","6,203,953,000","2,114,404,000"
OperatingIncome,"1,256,702,380,560","322,298,745,530","265,715,201,370","373,486,648,050","295,201,786,610","133,171,965,660","246,222,361,430","267,351,332,670","103,814,071,710","53,971,595,270","20,141,295,990","165,959,364,380","157,297,745,970","118,798,090,000","248,678,179,520","241,542,459,000","152,801,919,000","71,968,640,000","118,598,181,800","60,157,003,000","5,464,163,000","-67,324,560,000","-58,019,732,310","-110,389,148,000","-54,165,426,000","-703,758,326,000","-80,822,709,190","17,862,677,000","-3,721,491,000","6,849,496,400","56,191,718,370","26,239,177,000","737,067,000","-38,955,248,000","-55,568,042,330","29,181,880,000","32,273,553,000","-33,281,749,000","174,930,684,630","-120,568,521,000","83,968,917,000","48,543,149,000","41,637,750,470","42,120,245,000","65,005,041,000","-90,580,101,000","25,008,111,070","123,925,325,130","48,302,624,000","40,093,843,000","34,515,232,000","65,017,753,000","37,010,063,000","-48,313,866,000","150,335,853,000","45,267,831,000","-12,274,250,000","-94,456,574,000","-206,466,574,000","-117,895,563,000","-133,068,649,000","-109,620,183,000"
NetNonOperatingInterestIncomeExpense,"-40,557,242,120","-7,572,059,720","-9,640,531,780","-11,040,606,240","-12,304,044,380","-12,010,955,070","-12,654,078,910","-13,742,156,760","-15,202,429,740","-15,379,587,420","-13,440,922,720","-16,316,565,440","-17,551,423,450","-16,483,883,000","-12,781,073,960","-9,875,629,000","-6,280,013,000","-4,772,812,000","-611,452,000","-2,729,937,000","-1,864,775,000","274,402,000","694,233,440","1,743,877,000","257,981,000","-4,992,857,000","-4,455,589,290","-4,429,475,000","-3,302,963,000","-1,585,244,000","-3,107,521,350","-6,958,564,000","-4,701,407,000","-4,400,552,000","-4,535,218,000","-4,302,843,000","-3,766,481,000","-2,736,405,000","19,504,612,000","-10,235,685,000","-245,305,000","332,236,000","-13,637,854,720","-264,156,000","401,907,000","2,848,808,000","4,159,685,400","4,559,572,980","3,051,486,200","2,174,617,230","10,432,522,000","-956,389,000","2,741,649,000","5,118,047,000","-12,851,245,000","-132,407,000","2,072,256,000","210,015,000","-167,211,732,000","4,693,507,000","4,024,222,000","7,208,215,000"
	InterestIncomeNonOperating,"14,899,603,000","5,428,461,000","3,481,134,000","3,097,021,000","2,892,988,000","2,737,446,000","3,010,278,000","2,572,557,000","3,033,202,000","3,393,547,000","3,874,633,000","4,789,725,000","5,463,225,000","4,254,631,000","5,703,183,000","4,512,762,000","4,510,043,000","3,410,512,000","5,223,284,000","3,487,192,000","3,734,176,000","5,401,064,000","6,528,838,000","9,047,024,000","11,549,752,000","5,717,536,000","10,298,439,000","9,681,869,000","10,158,379,000","10,347,891,000","9,616,414,000","9,313,200,000","3,112,323,000","3,548,481,000","3,839,287,000","4,130,953,000","4,720,591,000","4,824,096,000","1,797,817,350","1,976,817,000","5,048,802,000","5,874,211,000",,"4,616,250,000","4,936,296,000","6,972,910,000","8,284,939,000","9,586,328,000","12,146,544,000","11,038,665,000","8,310,784,000","6,184,357,000","7,116,801,000","10,328,494,000","2,463,203,000","10,288,803,000","8,072,652,000","7,000,191,000","10,060,430,000","4,693,507,000","4,024,222,000","7,208,215,000"
	InterestExpenseNonOperating,"54,967,546,000","12,511,224,000","13,121,663,000","14,137,627,000","15,197,032,000","14,748,401,000","15,635,416,000","16,314,714,000","18,235,632,000","18,773,135,000","17,315,556,000","21,106,291,000","23,014,649,000","20,738,267,000","18,437,479,000","14,373,917,000","10,788,198,000","8,159,906,000","5,834,735,000","6,217,129,000","5,598,951,000","5,125,001,000","5,851,232,000","7,286,520,000","11,291,771,000","10,710,393,000","14,754,028,000","14,111,344,000","13,461,342,000","11,933,135,000","12,693,935,000","16,271,764,000","7,813,730,000","7,949,033,000","8,374,505,000","8,433,796,000","8,487,072,000","7,560,501,000","11,362,349,890","10,280,968,000","5,294,106,000","5,541,975,000",,"4,880,406,000","4,534,389,000","4,124,102,000","4,125,253,000","5,026,755,000","9,095,058,000","8,864,048,000","6,342,834,000","7,140,746,000","4,375,152,000","5,210,447,000","-830,923,000","10,421,210,000","6,000,396,000","6,790,176,000","6,420,494,000","5,456,600,000","5,439,515,000",
	TotalOtherFinanceCost,"489,299,120","489,296,720","2,780","240","380","70","28,940,910","-240","-260","-580","-280","-560","-550","247,000","46,777,960","14,474,000","1,858,000","23,418,000","5,712,383,000","3,589,435,000","3,297,146,000","1,661,000","-16,627,440","16,627,000","-1,831,580,000","-5,325,414,000","-3,267,370,290","-5,578,283,000","1,755,433,000","84,237,000","8,554,651,650",,"-12,589,564,000","-1,400,825,000","-1,157,886,000","923,580,000","1,746,569,000","-367,865,000","-23,346,211,000","10,235,685,000","1,000","-3,375,777,000",,"4,675,315,000","-7,803,548,000","-13,734,012,000","600","20","-200","-230","8,464,572,000","39,794,586,000","15,397,614,000","107,612,044,000","-16,145,371,000","22,137,038,000","36,058,739,000","49,527,007,000","-177,272,162,000","7,909,926,000","441,599,000",
PretaxIncome,"1,911,914,777,220","453,896,235,790","511,250,922,750","550,646,825,030","396,120,793,650","205,316,780,800","429,292,720,540","298,161,998,110","85,591,726,430","-9,635,811,430","-23,194,643,500","300,395,013,370","216,967,139,120","70,474,722,000","391,232,320,430","306,347,173,000","141,166,719,000","197,487,425,000","333,234,364,560","174,865,844,000","231,558,071,000","84,406,599,000","99,586,998,530","-4,889,400,000","-46,234,449,000","-869,157,041,000","-316,949,442,140","675,927,576,000","-400,660,727,000","80,741,244,170","-19,671,394,430","63,722,046,000","40,398,922,000","55,811,382,000","-248,143,984,540","150,791,326,000","172,382,182,000","108,989,642,000","56,176,163,210","1,641,740,203,000","166,302,103,000","165,202,801,000","99,974,960,190","135,887,011,000","130,549,033,000","111,688,509,000","77,374,652,010","182,507,485,630","98,805,463,750","63,912,711,250",,"105,256,555,000","61,503,567,000","42,249,249,000",,"63,211,696,000","38,909,895,000","-53,718,207,000",,"-112,685,864,000","-138,087,219,000","-88,268,137,000"
TaxProvision,"448,869,878,760","91,240,343,980","119,607,082,590","130,222,477,550","107,799,974,640","55,304,227,210","87,440,295,900","57,473,464,660","37,894,919,030","-10,364,343,450","9,907,872,020","83,023,378,340","56,766,144,430","12,578,407,000","125,226,088,990","92,254,737,000","36,489,641,000","37,213,985,000","93,240,648,590","39,912,698,000","44,964,825,000","2,752,844,000","91,886,752,550","30,276,913,000","744,049,000","-65,097,862,000","-85,565,974,880","173,472,757,000","-90,645,098,000","16,111,200,660","-10,285,634,520","18,429,682,000","19,909,873,000","14,858,985,000","-57,919,908,550","25,782,793,000","39,837,590,000","28,402,990,000","10,331,366,220","435,727,766,000","50,154,335,000","46,393,455,000","38,777,364,000","24,316,180,000","35,727,468,000","28,223,588,000","-5,999,005,270","14,997,295,360","20,583,952,260","7,905,728,660",,"18,219,952,000","3,524,031,000","-15,306,794,000",,"4,485,194,000","-10,665,892,000","-23,161,105,000",,"-9,703,796,000","22,703,000","-11,100,574,000"
NetIncomeCommonStockholders,"1,392,181,280,530","356,587,255,380","365,540,163,150","395,269,077,010","274,784,784,990","134,207,369,460","317,903,899,520","223,029,325,770","43,377,230,690","-9,586,962,110","-50,539,341,850","208,354,984,470","148,553,337,930","50,179,880,000","254,302,079,930","214,880,616,000","106,666,740,000","125,316,900,000","237,567,948,930","145,733,431,000","193,086,511,000","80,848,450,000","7,510,142,320","-34,120,872,000","961,085,987,000","-715,069,404,000","-201,534,798,390","499,157,582,000","-303,447,342,000","59,670,696,470","-129,081,064,500","-13,003,342,000","19,103,361,000","39,133,291,000","-195,998,261,610","119,791,221,000","129,152,388,000","77,653,286,000","55,651,320,100","1,198,510,528,000","105,329,378,000","112,010,791,000","54,926,932,000","99,956,639,000","86,512,997,000","78,712,662,000","81,324,629,000","159,659,249,000","68,422,306,000","46,696,585,130","15,419,689,000","87,036,603,000","57,979,536,000","57,556,043,000","-38,871,418,000","58,726,502,000","49,575,788,000","-30,557,102,000","-273,922,989,000","-102,982,067,000","-138,109,922,000","-77,167,563,000"
	NetIncome,"1,392,181,280,530","356,587,255,380","365,540,163,150","395,269,077,010","274,784,784,990","134,207,369,460","317,903,899,520","223,029,325,770","43,377,230,690","-9,586,962,110","-50,539,341,850","208,354,984,470","148,553,337,930","50,179,880,000","254,302,079,930","214,880,616,000","106,666,740,000","125,316,900,000","237,567,948,930","145,733,431,000","193,086,511,000","80,848,450,000","7,510,142,320","-34,120,872,000","961,085,987,000","-715,069,404,000","-201,534,798,390","499,157,582,000","-303,447,342,000","59,670,696,470","-129,081,064,500","-13,003,342,000","19,103,361,000","39,133,291,000","-195,998,261,610","119,791,221,000","129,152,388,000","77,653,286,000","55,651,320,100","1,198,510,528,000","105,329,378,000","112,010,791,000","54,926,932,000","99,956,639,000","86,512,997,000","78,712,662,000","81,324,629,000","159,659,249,000","68,422,306,000","46,696,585,130","15,419,689,000","87,036,603,000","57,979,536,000","57,556,043,000","-38,871,418,000","58,726,502,000","49,575,788,000","-30,557,102,000","-273,922,989,000","-102,982,067,000","-138,109,922,000","-77,167,563,000"
		NetIncomeIncludingNoncontrollingInterests,"1,463,044,898,460","362,655,891,810","391,643,840,160","420,424,347,480","288,320,819,010","150,012,553,590","341,852,424,650","240,688,533,450","47,696,807,400","728,532,030","-33,102,515,520","217,371,635,030","160,200,994,690","57,896,315,000","266,006,231,450","214,092,435,000","104,677,078,000","160,273,441,000","239,993,714,960","134,953,146,000","186,593,246,000","81,653,756,000","7,700,246,210","-35,166,314,000","955,810,825,000","-717,233,568,000","-231,383,468,260","502,454,819,000","-310,015,629,000","64,630,043,510","-128,844,094,460","-12,911,789,000","20,489,049,000","40,952,397,000","-190,224,075,980","125,008,534,000","132,544,592,000","80,586,652,000","45,844,797,990","1,206,012,437,000","116,147,767,000","118,809,346,000","61,197,596,570","111,570,831,000","94,821,566,000","83,464,922,000","83,373,657,350","167,510,190,280","78,221,511,490","56,006,982,590","15,419,689,000","87,036,603,000","57,979,536,000","57,556,043,000","-38,871,418,000","58,726,502,000","49,575,788,000","-30,557,102,000","-273,922,989,000","-102,982,067,000","-138,109,922,000","-77,167,563,000"
			NetIncomeContinuousOperations,"1,463,044,898,460","362,655,891,810","391,643,840,160","420,424,347,480","288,320,819,010","150,012,553,590","341,852,424,650","240,688,533,450","47,696,807,400","728,532,030","-33,102,515,520","217,371,635,030","160,200,994,690","57,896,315,000","266,006,231,450","214,092,435,000","104,677,078,000","160,273,441,000","239,993,714,960","134,953,146,000","186,593,246,000","81,653,756,000","7,700,245,990","-35,166,314,000","-46,978,499,000","-804,059,179,000","-231,383,468,260","502,454,819,000","-310,015,629,000","64,630,043,510","-9,385,759,910","45,292,365,000","20,489,049,000","40,952,397,000","-190,224,075,980","125,008,534,000","132,544,592,000","80,586,652,000","45,844,797,990","1,206,012,437,000","116,147,767,000","118,809,346,000","61,197,596,570","111,570,831,000","94,821,566,000","83,464,922,000","83,373,657,000","167,510,191,000","78,221,512,000","56,006,982,000","15,419,689,000","87,036,603,000","57,979,536,000","57,556,043,000","64,743,223,000","58,726,502,000","49,575,788,000","-30,557,102,000","-273,922,989,000","-102,982,067,000","-138,109,922,000","-77,167,563,000"
			NetIncomeDiscontinuousOperations,,,,,,,,,,,,,,,,,,,,,,,"230","0","1,002,789,324,000","86,825,611,000",,,,,"-119,458,334,540","-58,204,154,000",,"2,341,577,000","98,397,970,320","-8,430,867,000",,,,,,,,,,,,,,,,,,,,,,,,,,
		MinorityInterests,"-70,863,617,940","-6,068,636,440","-26,103,677,010","-25,155,270,460","-13,536,034,030","-15,805,184,130","-23,948,525,120","-17,659,207,680","-4,319,576,720","-10,315,494,140","-17,436,826,330","-9,016,650,560","-11,647,656,760","-7,716,435,000","-11,704,151,520","788,181,000","1,989,662,000","-34,956,540,000","-2,425,766,030","10,780,285,000","6,493,265,000","-805,306,000","-190,102,890","1,045,442,000","5,275,161,000","2,164,163,000","29,848,669,870","-3,297,237,000","6,568,287,000","-4,959,347,040","-236,970,040","-91,553,000","-1,385,688,000","-1,819,106,000","-5,774,185,630","-5,217,313,000","-3,392,203,000","-2,933,366,000","9,806,522,110","-7,501,908,000","-10,818,390,000","-6,798,555,000","-6,270,665,000","-11,614,192,000","-8,308,568,000","-4,752,260,000","-2,049,027,720","-7,850,941,000","-9,799,205,000","-9,310,397,460",,,,,,,,,,,,
BasicEPS,,"5,332",,"5,911","4,109","2,007",,"3,335","649","-143",,"3,116","2,221","750",,"3,213","1,595","1,874",,"2,179","2,887","1,207",,"-486","13,683","-10,181",,"7,107","-4,320","850",,"-189","434","902",,"2,762","2,978","1,791",,"27,639","2,429","2,584",,"2,308","1,998","1,820",,"3,697","1,588","1,087",,"2,031","1,361","1,353",,"1,382","1,167","-719",,"-2,342.677","-3,263","-1,761.427"
DilutedEPS,,"5,332",,"5,911","4,109","2,007",,"3,335","649","-143",,"3,116","2,221","750",,"3,213","1,595","1,874",,"2,179","2,887","1,207",,"-486","13,683","-10,181",,"7,107","-4,320","850",,"-189","434","902",,"2,762","2,978","1,791",,"27,637","2,429","2,583",,"2,306","1,996","1,817",,"3,687","1,567","1,082",,"2,018","1,335","1,351",,"1,374","1,161","-719",,"-2,342.677","-3,263","-1,761.427"
BasicAverageShares,,"65,433,139",,"65,433,139","65,433,139","65,433,139",,"65,433,139","65,433,139","65,433,139",,"65,433,139","65,433,139","65,433,139",,"65,433,139","65,433,139","65,433,139",,"65,433,139","65,431,804","65,529,968",,"68,728,639","68,728,639","68,728,639",,"68,728,639","68,728,629","68,728,639",,"68,735,108","44,002,342","43,379,942",,"43,370,082","43,370,082","43,365,308",,"43,362,492","43,361,089","43,344,773",,"43,304,162","43,291,648","43,249,624",,"43,186,164","43,087,094","42,959,140",,"42,854,064","42,600,688","42,539,574",,"42,493,851","42,481,395","42,499,446",,"42,327,465","42,326,056",
DilutedAverageShares,,"65,433,139",,"65,433,139","65,433,139","65,433,139",,"65,433,139","65,433,139","65,433,139",,"65,433,139","65,433,139","65,433,139",,"65,433,139","65,433,139","65,433,139",,"65,433,139","65,431,804","65,529,968",,"68,728,639","68,728,639","68,728,639",,"68,728,639","68,728,629","68,728,639",,"68,735,108","44,002,342","43,379,942",,"43,370,082","43,370,082","43,367,767",,"43,366,557","43,365,787","43,359,485",,"43,341,909","43,350,136","43,324,954",,"43,303,295","43,664,522","43,157,657",,"43,130,130","43,430,364","42,602,548",,"42,741,268","42,700,937","42,499,446",,"42,327,465","42,326,056",
TotalOperatingIncomeAsReported,"1,256,702,381,300","322,298,745,960","265,715,200,900","373,486,648,110","295,201,786,330","133,171,965,160","246,198,358,890","267,351,332,370","103,814,071,410","53,971,595,760","20,123,401,510","165,957,224,770","157,297,745,540","118,798,090,000","248,657,589,150","241,542,459,000","152,801,918,000","71,968,640,000","118,598,180,520","60,157,003,000","5,464,163,000","-67,324,560,000","-58,019,732,990","-110,389,148,000","-54,165,427,000","-703,758,326,000","-80,822,708,820","17,862,677,000","-3,721,490,000","6,849,496,500","56,191,718,610","26,239,177,000","737,067,000","-38,955,247,000","-55,568,043,600","29,181,881,000","32,273,553,000","-33,281,749,000","-1,484,616,874,560","1,520,483,176,000","83,970,453,000","67,037,476,000","11,127,475,870","43,010,471,000","89,228,461,000","60,347,343,000","14,698,275,350","123,809,638,470","83,647,666,120","64,656,618,270",,"65,017,753,000","37,010,063,000","-48,313,866,000",,"45,267,830,000","-12,274,250,000","-94,456,574,000",,"-117,895,566,000","-133,068,648,000","-109,620,183,000"
RentExpenseSupplemental,,,,,,,,,,,,,,,,,,,,"2,984,130,000","3,025,045,000","2,877,968,000","1,563,287,000","2,631,643,000","2,308,910,000","2,532,513,000","3,688,878,000","3,007,484,000","2,964,238,000","3,062,960,000","5,394,208,000","5,209,139,000","2,851,477,000","2,132,449,000","2,143,272,000","1,822,245,000","1,888,026,000","1,549,087,000","2,413,629,000","1,796,533,000","2,527,350,000","1,942,359,000","1,178,238,000","1,289,998,000","1,707,076,000","1,240,216,000","2,117,995,000","1,571,230,000","3,296,708,000","1,182,826,000",,"1,096,269,000","2,568,680,000","2,794,137,000",,"2,600,061,000","3,000,702,000","2,794,329,000",,"657,766,000","957,827,000","1,486,866,000"
TotalExpenses,"13,382,733,912,820","3,727,128,203,030","3,550,231,657,210","3,066,305,969,730","3,039,068,081,850","2,830,038,938,320","3,005,163,066,680","2,819,889,644,610","2,454,799,939,420","2,343,558,434,260","2,800,777,732,510","2,401,978,207,150","2,247,207,962,770","2,185,265,765,000","2,229,968,101,430","2,281,253,835,000","2,095,153,644,000","1,836,905,677,000","1,735,867,514,170","1,647,848,317,000","1,448,846,636,000","1,372,103,667,000","1,360,904,857,520","1,400,379,130,000","1,371,406,854,000","1,994,464,302,000","1,942,612,766,140","1,979,851,751,000","1,847,655,073,000","1,859,043,276,820","1,853,925,825,270","1,865,601,688,000","1,047,905,314,000","1,174,639,402,000","1,260,353,464,770","1,267,451,872,000","1,274,579,894,000","1,241,474,030,000","1,239,271,891,270","1,623,458,010,000","1,393,432,446,000","1,328,148,343,000","1,396,129,885,740","1,405,546,526,000","1,284,396,945,000","1,299,625,102,000","1,219,972,099,930","1,223,885,889,870","1,278,269,230,000","1,164,817,813,000",,"898,495,813,000","857,397,414,000","736,847,293,000",,"1,256,149,879,000","1,302,678,698,000","1,195,341,353,000",,"1,030,642,071,000","994,787,929,000","977,237,476,000"
NetIncomeFromContinuingAndDiscontinuedOperation,"1,392,181,280,530","356,587,255,380","365,540,163,150","395,269,077,010","274,784,784,990","134,207,369,460","317,903,899,520","223,029,325,770","43,377,230,690","-9,586,962,110","-50,539,341,850","208,354,984,470","148,553,337,930","50,179,880,000","254,302,079,930","214,880,616,000","106,666,740,000","125,316,900,000","237,567,948,930","145,733,431,000","193,086,511,000","80,848,450,000","7,510,142,320","-34,120,872,000","961,085,987,000","-715,069,404,000","-201,534,798,390","499,157,582,000","-303,447,342,000","59,670,696,470","-129,081,064,500","-13,003,342,000","19,103,361,000","39,133,291,000","-195,998,261,610","119,791,221,000","129,152,388,000","77,653,286,000","55,651,320,100","1,198,510,528,000","105,329,378,000","112,010,791,000","54,926,932,000","99,956,639,000","86,512,997,000","78,712,662,000","81,324,629,000","159,659,249,000","68,422,306,000","46,696,585,130","15,419,689,000","87,036,603,000","57,979,536,000","57,556,043,000","-38,871,418,000","58,726,502,000","49,575,788,000","-30,557,102,000","-273,922,989,000","-102,982,067,000","-138,109,922,000","-77,167,563,000"
NormalizedIncome,"1,353,482,989,875.31","364,608,347,407.035","301,286,747,925.916","378,416,889,267.835","307,784,540,372.257","124,303,915,393.92","363,113,824,315.554","239,343,964,487.78","55,828,718,690","-8,298,906,110","-27,092,797,600","185,800,504,767.867","155,377,963,709.793","55,722,375,452.722","257,923,148,254.435","214,743,930,328.365","106,542,801,891.252","89,542,963,510.527","265,843,554,223.216","152,965,280,239.38","214,040,190,874.08","94,046,423,483.488","3,311,151,062","-28,460,147,708","-41,333,727,862","-374,210,781,269.49","-77,336,459,872.027","505,363,079,231.203","-215,309,014,023.638","64,853,398,573.916","185,534,337,860","47,460,242,713.393","19,662,009,480","39,868,378,229.551","13,338,039,207.679","120,759,213,273.399","134,391,159,373.012","76,838,513,749.518","55,359,723,849.354","1,256,220,607,078.275","105,401,830,801.782","112,545,300,294.482","75,452,340,313.674","99,334,729,393.704","68,972,683,192.558","72,297,096,654.049","89,377,852,100","159,766,017,910.582","28,743,056,089.837","52,077,910,141.625","23,095,395,865.904","104,304,421,503.346","77,604,432,981.708","39,776,432,060","107,934,430,526.044","975,811,132.447","44,375,905,250","-39,361,341,500","-275,730,310,334.211","-93,652,292,175.828","-137,118,366,500","-77,473,933,520.915"
InterestIncome,"14,899,603,000","5,428,461,000","3,481,134,000","3,097,021,000","2,892,988,000","2,737,446,000","3,010,278,000","2,572,557,000","3,033,202,000","3,393,547,000","3,874,633,000","4,789,725,000","5,463,225,000","4,254,631,000","5,703,183,000","4,512,762,000","4,510,043,000","3,410,512,000","5,223,284,000","3,487,192,000","3,734,176,000","5,401,064,000","6,528,838,000","9,047,024,000","11,549,752,000","5,717,536,000","10,298,439,000","9,681,869,000","10,158,379,000","10,347,891,000","9,616,414,000","9,313,200,000","3,112,323,000","3,548,481,000","3,839,287,000","4,130,953,000","4,720,591,000","4,824,096,000","1,797,817,350","1,976,817,000","5,048,802,000","5,874,211,000",,"4,616,250,000","4,936,296,000","6,972,910,000","8,284,939,000","9,586,328,000","12,146,544,000","11,038,665,000","8,310,784,000","6,184,357,000","7,116,801,000","10,328,494,000","2,463,203,000","10,288,803,000","8,072,652,000","7,000,191,000","10,060,430,000","4,693,507,000","4,024,222,000","7,208,215,000"
InterestExpense,"54,967,546,000","12,511,224,000","13,121,663,000","14,137,627,000","15,197,032,000","14,748,401,000","15,635,416,000","16,314,714,000","18,235,632,000","18,773,135,000","17,315,556,000","21,106,291,000","23,014,649,000","20,738,267,000","18,437,479,000","14,373,917,000","10,788,198,000","8,159,906,000","5,834,735,000","6,217,129,000","5,598,951,000","5,125,001,000","5,851,232,000","7,286,520,000","11,291,771,000","10,710,393,000","14,754,028,000","14,111,344,000","13,461,342,000","11,933,135,000","12,693,935,000","16,271,764,000","7,813,730,000","7,949,033,000","8,374,505,000","8,433,796,000","8,487,072,000","7,560,501,000","11,362,349,890","10,280,968,000","5,294,106,000","5,541,975,000",,"4,880,406,000","4,534,389,000","4,124,102,000","4,125,253,000","5,026,755,000","9,095,058,000","8,864,048,000","6,342,834,000","7,140,746,000","4,375,152,000","5,210,447,000","-830,923,000","10,421,210,000","6,000,396,000","6,790,176,000","6,420,494,000","5,456,600,000","5,439,515,000",
NetInterestIncome,"-40,557,242,120","-7,572,059,720","-9,640,531,780","-11,040,606,240","-12,304,044,380","-12,010,955,070","-12,654,078,910","-13,742,156,760","-15,202,429,740","-15,379,587,420","-13,440,922,720","-16,316,565,440","-17,551,423,450","-16,483,883,000","-12,781,073,960","-9,875,629,000","-6,280,013,000","-4,772,812,000","-611,452,000","-2,729,937,000","-1,864,775,000","274,402,000","694,233,440","1,743,877,000","257,981,000","-4,992,857,000","-4,455,589,290","-4,429,475,000","-3,302,963,000","-1,585,244,000","-3,107,521,350","-6,958,564,000","-4,701,407,000","-4,400,552,000","-4,535,218,000","-4,302,843,000","-3,766,481,000","-2,736,405,000","19,504,612,000","-10,235,685,000","-245,305,000","332,236,000","-13,637,854,720","-264,156,000","401,907,000","2,848,808,000","4,159,685,400","4,559,572,980","3,051,486,200","2,174,617,230",,"-956,389,000","2,741,649,000","5,118,047,000",,"-132,407,000","2,072,256,000","210,015,000",,"4,693,507,000","4,024,222,000","7,208,215,000"
EBIT,"1,966,882,323,220","466,407,459,790","524,372,585,750","564,784,452,030","411,317,825,650","220,065,181,800","444,928,136,540","314,476,712,110","103,827,358,430","9,137,323,570","-5,879,087,500","321,501,304,370","239,981,788,120","91,212,989,000","409,669,799,430","320,721,090,000","151,954,917,000","205,647,331,000","339,069,099,560","181,082,973,000","237,157,022,000","89,531,600,000","105,438,230,530","2,397,120,000","-34,942,678,000","-858,446,648,000","-302,195,414,140","690,038,920,000","-387,199,385,000","92,674,379,170","-6,977,459,430","79,993,810,000","48,212,652,000","63,760,415,000","-239,769,479,540","159,225,122,000","180,869,254,000","116,550,143,000","2,041,930,339,210","-120,568,521,000","171,596,209,000","170,744,776,000","-332,928,004,530","140,767,417,000","135,083,422,000","115,812,611,000","81,499,905,010","187,534,240,630","107,900,521,750","72,776,759,250","28,474,136,000","112,397,301,000","65,878,719,000","47,459,696,000","103,570,661,000","73,632,906,000","44,910,291,000","-46,928,031,000","-304,273,786,000","-117,895,563,000","-133,068,649,000","-109,620,183,000"
EBITDA,"3,274,252,242,220"
ReconciledCostOfRevenue,"11,312,529,913,820","3,193,858,714,030","2,980,556,634,210","2,571,947,148,730","2,566,167,416,850","2,356,930,869,320","2,551,194,334,680","2,384,339,495,610","2,039,595,647,420","1,939,087,955,260","2,238,397,527,510","1,996,841,919,150","1,874,018,820,770","1,772,997,183,000","1,899,983,532,430","1,921,827,414,000","1,763,750,091,000","1,532,627,490,000","1,496,816,786,170","1,380,287,714,000","1,186,012,804,000","1,089,354,772,000","1,108,876,026,520","1,109,488,291,000","1,084,971,160,000","1,146,914,540,000","1,544,394,341,140","1,617,241,859,000","1,511,762,776,000","1,512,793,559,820","1,551,341,713,270","1,570,317,050,000","878,425,599,000","999,902,071,000","1,026,689,897,770","1,088,752,941,000","1,089,986,112,000","1,054,574,245,000","1,198,831,387,270","1,248,129,331,000","1,221,309,033,000","1,195,066,063,000","1,263,870,489,740","1,275,949,238,000","1,141,663,618,000","1,079,129,114,000","1,084,214,434,930","1,104,740,860,870","1,118,390,493,000","1,026,578,135,000","870,379,472,000","785,031,115,000","753,565,158,000","648,032,728,000","-99,702,174,000","1,123,297,568,000","1,131,559,561,000","1,022,452,676,000","1,159,103,299,000","878,408,927,000","818,495,197,000","811,369,985,000"
ReconciledDepreciation,"1,307,369,919,000","350,509,414,000","333,275,500,000","314,355,722,000","309,229,283,000","295,303,248,000","292,958,571,000","280,877,760,000","262,836,152,000","246,815,640,000","229,951,747,000","227,672,667,000","208,121,946,000","190,249,800,000","159,628,782,000","154,227,566,000","138,755,169,000","129,628,466,000","124,426,466,000","118,996,475,000","110,251,868,000","106,208,060,000","110,663,089,000","104,556,074,000","105,931,786,000","133,855,451,000","168,568,383,000","167,275,805,000","163,584,663,080","164,014,304,920","168,219,780,770","163,852,762,000","98,437,120,000","102,183,949,000","101,020,113,720","116,350,355,000","109,227,880,000","103,981,741,000","102,304,968,910","108,754,399,000","122,367,826,000","121,118,219,000","119,841,637,890","117,404,332,000","104,221,689,000","97,162,169,000","95,147,998,080","93,242,567,090","92,726,093,520","94,375,188,000","102,383,116,000","101,819,259,000","98,530,698,000","95,758,756,000","98,647,048,000","128,800,967,000","143,617,980,000","144,998,587,000","156,094,321,000","132,958,675,000","106,642,878,000","105,633,412,000"
NetIncomeFromContinuingOperationNetMinorityInterest,"1,392,181,280,530","356,587,255,380","365,540,163,150","395,269,077,010","274,784,784,990","134,207,369,460","317,903,899,520","223,029,325,770","43,377,230,690","-9,586,962,110","-50,539,341,850","208,354,984,470","148,553,337,930","50,179,880,000","254,302,079,930","214,880,616,000","106,666,740,000","125,316,900,000","237,567,948,930","145,733,431,000","193,086,511,000","80,848,450,000","7,510,142,090","-34,120,872,000","-41,703,337,000","-801,895,015,000","-201,534,798,390","499,157,582,000","-303,447,342,000","59,670,696,470","-9,622,729,960","45,200,812,000","19,103,361,000","39,133,291,000","-195,998,261,610","119,791,221,000","129,152,388,000","77,653,286,000","55,651,320,100","1,198,510,528,000","105,329,378,000","112,010,791,000","54,926,932,000","99,956,639,000","86,512,997,000","78,712,662,000","81,324,629,000","159,659,249,000","68,422,306,000","46,696,585,130","15,419,689,000","87,036,603,000","57,979,536,000","57,556,043,000","64,743,223,000","58,726,502,000","49,575,788,000","-30,557,102,000","-273,922,989,000","-102,982,067,000","-138,109,922,000","-77,167,563,000"
TotalUnusualItemsExcludingGoodwill,"50,571,130,000","-10,039,113,000","83,876,253,000","22,071,994,000","-45,338,000,000","13,554,501,000","-56,773,889,000","-20,210,374,000","-16,601,984,000","-1,717,408,000","-31,262,059,000","31,168,985,000","-9,242,886,000","-6,746,644,000","-5,325,736,000","195,585,000","167,142,000","44,080,308,000","-39,261,042,000","-9,370,685,000","-26,003,051,000","-13,642,925,000","5,539,566,000","-7,467,974,000","-487,611,000","-462,310,204,000","-170,127,082,000","-8,347,948,000","-113,908,988,000","-6,474,664,000","-250,201,369,000","-3,178,804,000","-716,216,000","-1,001,803,000","-273,075,548,000","-1,167,639,000","-6,813,336,000","1,101,941,000","357,309,000","-78,560,514,000","-103,739,000","-743,228,000","-33,531,168,000","757,451,000","24,149,264,000","8,584,983,000","-10,324,645,000","-116,328,000","50,120,825,000","-6,140,932,000","-8,138,689,000","-20,882,606,000","-20,817,710,000","22,794,373,000","-46,318,371,000","62,161,358,000","6,933,177,000","11,738,986,000","2,046,257,000","-10,208,901,000","-1,322,074,000","350,442,000"
TotalUnusualItems,"50,571,130,000","-10,039,113,000","83,876,253,000","22,071,994,000","-45,338,000,000","13,554,501,000","-56,773,889,000","-20,210,374,000","-16,601,984,000","-1,717,408,000","-31,262,059,000","31,168,985,000","-9,242,886,000","-6,746,644,000","-5,325,736,000","195,585,000","167,142,000","44,080,308,000","-39,261,042,000","-9,370,685,000","-26,003,051,000","-13,642,925,000","5,539,566,000","-7,467,974,000","-487,611,000","-462,310,204,000","-170,127,082,000","-8,347,948,000","-113,908,988,000","-6,474,664,000","-250,201,369,000","-3,178,804,000","-716,216,000","-1,001,803,000","-273,075,548,000","-1,167,639,000","-6,813,336,000","1,101,941,000","357,309,000","-78,560,514,000","-103,739,000","-743,228,000","-33,531,168,000","757,451,000","24,149,264,000","8,584,983,000","-10,324,645,000","-116,328,000","50,120,825,000","-6,140,932,000","-8,138,689,000","-20,882,606,000","-20,817,710,000","22,794,373,000","-46,318,371,000","62,161,358,000","6,933,177,000","11,738,986,000","2,046,257,000","-10,208,901,000","-1,322,074,000","350,442,000"
NormalizedEBITDA,"3,223,681,112,220","826,955,986,790","773,771,832,750","857,068,180,030","765,885,108,650","501,813,928,800","794,660,596,540","615,564,846,110","383,265,494,430","257,670,371,570","255,334,718,500","518,004,986,370","457,346,620,120","288,209,433,000","574,624,317,430","474,753,071,000","290,542,944,000","291,195,489,000","502,756,607,560","309,450,133,000","373,411,941,000","209,382,585,000","210,561,753,530","114,421,168,000","71,476,719,000","-262,280,993,000","36,500,050,860","865,662,673,000","-109,705,733,920","263,163,348,090","411,443,690,340","247,025,376,000","147,365,988,000","166,946,167,000","134,326,182,180","276,743,116,000","296,910,470,000","219,429,943,000","2,143,877,999,120","66,746,392,000","294,067,774,000","292,606,223,000","-179,555,198,640","257,414,298,000","215,155,847,000","204,389,797,000","186,972,548,090","280,893,135,720","150,505,790,270","173,292,879,250","138,995,941,000","235,099,166,000","185,227,127,000","120,424,079,000","248,536,080,000","140,272,515,000","181,595,094,000","86,331,570,000","-150,225,722,000","25,272,013,000","-25,103,697,000","-4,337,213,000"
TaxRateForCalcs,"0.235","0.201","0.234","0.236","0.272","0.269","0.204","0.193","0.25","0.25","0.25","0.276","0.262","0.178","0.32","0.301","0.258","0.188","0.28","0.228","0.194","0.033","0.242","0.242","0.242","0.075","0.27","0.257","0.226","0.2","0.22","0.289","0.22","0.266","0.233","0.171","0.231","0.261","0.184","0.265","0.302","0.281","0.388","0.179","0.274","0.253","0.22","0.082","0.208","0.124","0.057","0.173","0.057","0.22","0.068","0.071","0.25","0.25","0.117","0.086","0.25","0.126"
TaxEffectOfUnusualItems,"11,872,839,345.309","-2,018,020,972.965","19,622,837,775.916","5,219,806,257.835","-12,338,244,617.743","3,651,046,933.92","-11,563,964,204.446","-3,895,735,282.22","-4,150,496,000","-429,352,000","-7,815,514,750","8,614,505,297.867","-2,418,260,220.207","-1,204,148,547.278","-1,704,667,675.565","58,899,328.365","43,203,891.252","8,306,371,510.527","-10,985,436,706.784","-2,138,835,760.62","-5,049,371,125.92","-444,951,516.512","1,340,574,972","-1,807,249,708","-118,001,862","-34,625,970,269.49","-45,928,743,482.027","-2,142,450,768.798","-25,770,660,023.638","-1,291,961,896.084","-55,044,301,180","-919,373,286.607","-157,567,520","-266,715,770.449","-63,739,247,182.321","-199,646,726.601","-1,574,564,626.988","287,168,749.518","65,712,749.354","-20,850,434,921.725","-31,286,198.218","-208,718,705.518","-13,005,759,686.326","135,541,393.704","6,608,950,192.558","2,169,417,654.049","-2,271,421,900","-9,559,089.418","10,441,575,089.837","-759,606,988.375","-462,982,134.096","-3,614,787,496.654","-1,192,813,018.292","5,014,762,060","-3,127,163,473.956","4,410,667,132.447","1,733,294,250","2,934,746,500","238,935,665.789","-879,126,175.828","-330,518,500","44,071,479.085"