name,ttm,03/31/2022,12/31/2021,09/30/2021,06/30/2021,03/31/2021,12/31/2020,09/30/2020,06/30/2020,03/31/2020,12/31/2019,09/30/2019,06/30/2019,03/31/2019,12/31/2018,09/30/2018,06/30/2018,03/31/2018,12/31/2017,09/30/2017,06/30/2017,03/31/2017,12/31/2016,09/30/2016,06/30/2016,03/31/2016,12/31/2015,09/30/2015,06/30/2015,03/31/2015,12/31/2014,09/30/2014,06/30/2014,03/31/2014,12/31/2013,09/30/2013,06/30/2013,03/31/2013,12/31/2012,09/30/2012,06/30/2012,03/31/2012,12/31/2011,09/30/2011,06/30/2011,03/31/2011,12/31/2010,09/30/2010,06/30/2010,03/31/2010,12/31/2009,09/30/2009,06/30/2009,03/31/2009,12/31/2008,09/30/2008,06/30/2008,03/31/2008,12/31/2007,09/30/2007,06/30/2007,03/31/2007
TotalRevenue,"44,618,100,000,000","11,608,071,000,000","10,948,697,000,000","10,610,153,000,000","11,456,142,000,000","9,650,032,000,000","8,904,869,000,000","7,507,281,000,000","6,935,191,000,000","7,115,729,000,000","7,461,222,000,000","7,347,303,000,000","7,177,444,000,000","6,639,073,000,000","7,342,712,000,000","7,234,858,000,000","7,051,853,000,000","6,553,590,000,000","6,432,202,000,000","6,397,083,000,000","6,382,062,000,000","6,486,668,000,000","5,511,696,000,000","5,054,278,000,000","5,219,229,000,000","4,874,092,000,000","5,040,590,000,000","5,177,749,000,000","5,073,222,000,000","4,915,022,000,000","5,372,303,000,000","5,663,948,000,000","5,868,763,000,000","5,672,816,000,000","5,640,637,000,000","5,865,132,000,000","5,917,239,000,000","5,720,604,000,000","5,680,813,000,000","5,833,516,000,000","5,995,619,000,000","5,753,070,000,000","5,598,854,000,000","5,885,891,000,000","5,699,963,000,000","5,490,886,000,000","4,998,913,000,000","5,021,386,000,000","5,028,046,000,000","4,423,105,000,000","3,563,007,000,000","3,797,697,000,000","3,401,784,000,000","2,932,027,000,000","1,394,106,000,000","4,064,817,000,000","3,737,993,000,000","3,448,084,000,000","3,003,756,000,000","2,766,613,000,000","2,644,917,000,000","2,380,735,000,000"
	OperatingRevenue,"44,618,100,000,000","11,608,071,000,000","10,948,697,000,000","10,610,153,000,000","11,456,142,000,000","9,650,032,000,000","8,904,869,000,000","7,507,281,000,000","6,935,191,000,000","7,115,729,000,000","7,461,222,000,000","7,347,303,000,000","7,177,444,000,000","6,639,073,000,000","7,342,712,000,000","7,234,858,000,000","7,051,853,000,000","6,553,590,000,000","6,432,202,000,000","6,397,083,000,000","6,382,062,000,000","6,486,668,000,000","5,511,696,000,000","5,054,278,000,000","5,219,229,000,000","4,874,092,000,000","5,040,590,000,000","5,177,749,000,000","5,073,222,000,000","4,915,022,000,000","5,372,303,000,000","5,663,948,000,000","5,868,763,000,000","5,672,816,000,000","5,640,637,000,000","5,865,132,000,000","5,917,239,000,000","5,720,604,000,000","5,680,813,000,000","5,833,516,000,000","5,995,619,000,000","5,753,070,000,000","5,598,854,000,000","5,885,891,000,000","5,699,963,000,000","5,490,886,000,000","4,998,913,000,000","5,021,386,000,000","5,028,046,000,000","4,423,105,000,000","3,563,007,000,000","3,797,697,000,000","3,401,784,000,000","2,932,027,000,000","1,394,106,000,000","4,064,817,000,000","3,737,993,000,000","3,448,084,000,000","3,003,756,000,000","2,766,613,000,000","2,644,917,000,000","2,380,735,000,000"
CostOfRevenue,"33,360,277,000,000","9,110,372,000,000","8,683,683,000,000","7,960,597,000,000","7,611,233,000,000","7,192,705,000,000","7,011,570,000,000","5,711,165,000,000","5,421,815,000,000","5,960,696,000,000","6,186,234,000,000","6,094,464,000,000","6,029,442,000,000","5,469,095,000,000","6,176,964,000,000","5,867,550,000,000","5,580,273,000,000","5,212,029,000,000","5,110,097,000,000","4,940,129,000,000","5,011,211,000,000","5,073,053,000,000","4,489,521,000,000","4,091,441,000,000","4,074,378,000,000","3,939,719,000,000","4,211,996,000,000","4,159,918,000,000","4,047,657,000,000","4,120,970,000,000","4,688,296,000,000","4,896,640,000,000","5,078,851,000,000","4,910,153,000,000","4,928,575,000,000","4,951,767,000,000","5,006,627,000,000","4,947,704,000,000","4,959,792,000,000","4,877,198,000,000","5,134,765,000,000","4,983,320,000,000","4,754,656,000,000","4,855,249,000,000","4,622,718,000,000","4,362,239,000,000","4,075,668,000,000","3,954,333,000,000","3,915,605,000,000","3,526,993,000,000","2,995,425,000,000","2,928,763,000,000","2,631,529,000,000","2,320,235,000,000","1,422,144,000,000","3,324,032,000,000","2,962,575,000,000","2,796,791,000,000","2,501,179,000,000","2,251,834,000,000","2,215,293,000,000","2,014,363,000,000"
GrossProfit,"11,257,823,000,000","2,497,699,000,000","2,265,014,000,000","2,649,556,000,000","3,844,909,000,000","2,457,327,000,000","1,893,299,000,000","1,796,116,000,000","1,513,376,000,000","1,155,033,000,000","1,274,988,000,000","1,252,839,000,000","1,148,002,000,000","1,169,978,000,000","1,165,748,000,000","1,367,308,000,000","1,471,580,000,000","1,341,561,000,000","1,322,105,000,000","1,456,954,000,000","1,370,851,000,000","1,413,615,000,000","1,022,175,000,000","962,837,000,000","1,144,851,000,000","934,373,000,000","828,594,000,000","1,017,831,000,000","1,025,565,000,000","794,052,000,000","684,007,000,000","767,308,000,000","789,912,000,000","762,663,000,000","712,062,000,000","913,365,000,000","910,612,000,000","772,900,000,000","721,021,000,000","956,318,000,000","860,854,000,000","769,750,000,000","844,198,000,000","1,030,642,000,000","1,077,245,000,000","1,128,647,000,000","923,245,000,000","1,067,053,000,000","1,112,441,000,000","896,112,000,000",,"868,934,000,000","770,255,000,000","611,792,000,000",,"740,785,000,000","775,418,000,000","651,293,000,000",,"514,779,000,000","429,624,000,000","366,372,000,000"
OperatingExpense,"6,617,581,000,000","1,473,439,000,000","1,516,598,000,000","1,922,951,000,000","1,705,101,000,000","1,049,183,000,000","1,774,722,000,000","894,032,000,000","941,734,000,000","918,575,000,000","1,302,496,000,000","872,565,000,000","880,487,000,000","894,611,000,000","876,189,000,000","764,929,000,000","768,289,000,000","690,720,000,000","707,124,000,000","667,256,000,000","643,981,000,000","616,707,000,000","560,451,000,000","502,840,000,000","532,398,000,000","476,628,000,000","476,587,000,000","471,513,000,000","462,124,000,000","432,250,000,000","452,428,000,000","409,855,000,000","430,278,000,000","400,568,000,000","395,700,000,000","397,115,000,000","409,094,000,000","363,984,000,000","374,222,000,000","347,444,000,000","355,755,000,000","320,164,000,000","329,264,000,000","307,896,000,000","294,957,000,000","293,633,000,000","336,718,000,000","286,508,000,000","277,969,000,000","246,450,000,000",,"213,068,000,000","207,224,000,000","195,297,000,000",,"297,876,000,000","294,025,000,000","272,503,000,000",,"262,263,000,000","266,734,000,000","239,454,000,000"
	SellingGeneralAndAdministration,"4,246,919,000,000","860,801,000,000","890,161,000,000","1,344,380,000,000","1,151,800,000,000","578,631,000,000","1,326,107,000,000","443,348,000,000","494,339,000,000","498,595,000,000","851,754,000,000","491,988,000,000","461,277,000,000","497,430,000,000","493,434,000,000","412,243,000,000","408,528,000,000","364,951,000,000","387,992,000,000","360,313,000,000","342,837,000,000","319,634,000,000","305,545,000,000","283,177,000,000","285,809,000,000","265,006,000,000","278,029,000,000","264,849,000,000","262,286,000,000","247,218,000,000","294,430,000,000","276,290,000,000","274,848,000,000","259,573,000,000","282,625,000,000","271,746,000,000","271,681,000,000","243,754,000,000","259,785,000,000","245,859,000,000","250,889,000,000","221,819,000,000","237,814,000,000","217,782,000,000","218,367,000,000","206,077,000,000","282,227,000,000","193,473,000,000","188,506,000,000","162,394,000,000","127,839,000,000","142,855,000,000","136,328,000,000","132,178,000,000","-29,437,000,000","200,635,000,000","188,569,000,000","177,884,000,000","156,637,000,000","163,170,000,000","161,698,000,000","147,475,000,000"
		GeneralAndAdministrativeExpense,"2,061,082,000,000","193,640,000,000","286,097,000,000","848,093,000,000","733,328,000,000","187,882,000,000","969,385,000,000","143,117,000,000","165,576,000,000","135,434,000,000","499,031,000,000","171,715,000,000","176,742,000,000","233,342,000,000","193,372,000,000","152,173,000,000","146,403,000,000","126,119,000,000","132,486,000,000","123,272,000,000","109,473,000,000","101,252,000,000","105,360,000,000","93,326,000,000","90,927,000,000","82,193,000,000","87,014,000,000","85,395,000,000","81,450,000,000","69,724,000,000","115,121,000,000","106,244,000,000","99,423,000,000","94,024,000,000","110,556,000,000","103,482,000,000","102,650,000,000","91,085,000,000","111,011,000,000","89,737,000,000","94,783,000,000","83,026,000,000","94,522,000,000","80,224,000,000","85,030,000,000","77,832,000,000","139,767,000,000","51,357,000,000","50,865,000,000","46,178,000,000","10,187,000,000","38,179,000,000","32,521,000,000","31,524,000,000","-6,247,000,000","49,798,000,000","47,657,000,000","47,669,000,000","14,609,000,000","42,010,000,000","42,730,000,000","39,390,000,000"
		SellingAndMarketingExpense,"2,185,837,000,000","667,161,000,000","604,064,000,000","496,287,000,000","418,472,000,000","390,749,000,000","356,722,000,000","300,231,000,000","328,763,000,000","363,161,000,000","352,723,000,000","320,273,000,000","284,535,000,000","264,088,000,000","300,062,000,000","260,070,000,000","262,125,000,000","238,832,000,000","255,506,000,000","237,041,000,000","233,364,000,000","218,382,000,000","200,185,000,000","189,851,000,000","194,882,000,000","182,813,000,000","191,015,000,000","179,454,000,000","180,836,000,000","177,494,000,000","179,309,000,000","170,046,000,000","175,425,000,000","165,549,000,000","172,069,000,000","168,264,000,000","169,031,000,000","152,669,000,000","148,774,000,000","156,122,000,000","156,106,000,000","138,793,000,000","143,292,000,000","137,558,000,000","133,337,000,000","128,245,000,000","142,460,000,000","142,116,000,000","137,641,000,000","116,216,000,000","117,652,000,000","104,676,000,000","103,807,000,000","100,654,000,000","-23,190,000,000","150,837,000,000","140,912,000,000","130,215,000,000","142,028,000,000","121,160,000,000","118,968,000,000","108,085,000,000"
	ResearchAndDevelopment,"262,161,000,000","57,880,000,000","75,429,000,000","68,097,000,000","60,754,000,000","50,869,000,000","54,166,000,000","50,214,000,000","59,664,000,000","53,951,000,000","82,860,000,000","54,652,000,000","58,440,000,000","46,666,000,000","51,443,000,000","45,233,000,000","50,244,000,000","39,365,000,000","45,925,000,000","39,670,000,000","33,337,000,000","27,712,000,000","34,854,000,000","41,120,000,000","28,654,000,000","21,348,000,000","25,345,000,000","22,800,000,000","20,057,000,000","16,699,000,000",,,,,,,,,,,,,,,,,,"15,173,000,000","14,096,000,000","13,466,000,000",,"9,924,000,000","9,421,000,000","6,351,000,000",,"9,568,000,000","9,366,000,000","7,753,000,000",,"6,536,000,000","8,679,000,000","7,136,000,000"
	OtherOperatingExpenses,,,,,,,,,,,,,,,,,,,"102,548,000,000","93,846,000,000","82,928,000,000","76,267,000,000","80,302,000,000","68,971,000,000","68,519,000,000","61,426,000,000","65,023,000,000","65,169,000,000","62,652,000,000","51,901,000,000","96,546,000,000",,"81,493,000,000","76,461,000,000","92,573,000,000","85,159,000,000","83,695,000,000","73,882,000,000","94,690,000,000","1,520,000,000","654,000,000","1,401,000,000","2,923,000,000","893,000,000","2,736,000,000","590,000,000","19,635,000,000","910,000,000","1,991,000,000","1,028,000,000","43,531,000,000","32,000,000","253,000,000","483,000,000","-8,123,000,000","1,845,000,000","329,000,000","1,780,000,000","38,208,000,000","1,148,000,000","299,000,000",
OperatingIncome,"4,640,242,000,000","1,024,260,000,000","748,416,000,000","726,605,000,000","2,139,808,000,000","1,408,144,000,000","118,577,000,000","902,084,000,000","571,642,000,000","236,458,000,000","-27,508,000,000","380,274,000,000","267,515,000,000","275,367,000,000","289,559,000,000","602,379,000,000","703,291,000,000","650,841,000,000","614,981,000,000","789,698,000,000","726,870,000,000","796,908,000,000","461,724,000,000","459,997,000,000","612,453,000,000","457,745,000,000","352,007,000,000","546,318,000,000","563,441,000,000","361,802,000,000","231,579,000,000","357,453,000,000","359,634,000,000","362,095,000,000","316,362,000,000","516,250,000,000","501,518,000,000","408,916,000,000","346,799,000,000","608,874,000,000","505,099,000,000","449,586,000,000","514,934,000,000","722,746,000,000","782,288,000,000","835,014,000,000","586,527,000,000","780,545,000,000","834,472,000,000","649,662,000,000","309,419,000,000","655,866,000,000","563,031,000,000","416,495,000,000","41,257,000,000","442,909,000,000","481,393,000,000","378,790,000,000","221,194,000,000","252,516,000,000","162,890,000,000","126,918,000,000"
NetNonOperatingInterestIncomeExpense,"-89,286,000,000","-3,881,000,000","-6,247,000,000","-33,086,000,000","-35,158,000,000","-18,588,000,000","-18,749,000,000","-43,380,000,000","-49,514,000,000","-50,760,000,000","-47,500,000,000","-46,063,000,000","-42,277,000,000","-28,119,000,000","-32,043,000,000","-23,956,000,000","-17,362,000,000","-14,328,000,000","-13,487,000,000","-16,040,000,000","-20,511,000,000","-19,622,000,000","-11,223,000,000","-10,466,000,000","-15,349,000,000","-2,631,000,000","-2,681,000,000","-6,016,000,000","-5,417,000,000","-6,440,000,000","-6,638,000,000","-7,720,000,000","-11,253,000,000","-8,103,000,000","-7,221,000,000","-8,372,000,000","-6,326,000,000","-7,587,000,000","-8,411,000,000","-9,322,000,000","-13,172,000,000","-11,988,000,000","-10,051,000,000","-10,950,000,000","-8,674,000,000","-10,047,000,000","10,924,000,000","4,951,000,000","-39,856,000,000","-8,864,000,000","-5,443,000,000","-1,346,000,000","-5,431,000,000","-4,842,000,000","-75,744,000,000","-8,303,000,000","-9,041,000,000","-8,744,000,000","4,399,000,000","-17,402,000,000","-17,515,000,000","-16,824,000,000"
	InterestIncomeNonOperating,"123,119,000,000","58,226,000,000","20,697,000,000","32,547,000,000","11,649,000,000","10,852,000,000","7,123,000,000","7,950,000,000","7,664,000,000","12,753,000,000","9,990,000,000","9,934,000,000","13,684,000,000","11,708,000,000","12,401,000,000","11,938,000,000","12,233,000,000","11,264,000,000","8,680,000,000","7,730,000,000","6,340,000,000","7,466,000,000","9,567,000,000","9,423,000,000","9,911,000,000","11,373,000,000","9,380,000,000","8,485,000,000","9,479,000,000","10,172,000,000","11,317,000,000","11,865,000,000","10,227,000,000","12,053,000,000","10,223,000,000","8,748,000,000","7,770,000,000","8,991,000,000","9,546,000,000","8,276,000,000","5,039,000,000","7,237,000,000","7,614,000,000","5,836,000,000","6,183,000,000","7,760,000,000",,,,,"7,349,000,000","6,954,000,000","5,131,000,000","5,197,000,000","-13,931,000,000","5,298,000,000","3,962,000,000","8,551,000,000","7,739,000,000","2,265,000,000","2,347,000,000","2,336,000,000"
	InterestExpenseNonOperating,"232,834,000,000","62,188,000,000","58,265,000,000","65,633,000,000","46,807,000,000","40,411,000,000","29,770,000,000","51,330,000,000","57,178,000,000","63,513,000,000","57,489,000,000","56,058,000,000","55,961,000,000","39,827,000,000","44,444,000,000","35,894,000,000","29,595,000,000","25,579,000,000","22,167,000,000","23,770,000,000","26,851,000,000","27,088,000,000","20,790,000,000","19,889,000,000","22,229,000,000","14,004,000,000","12,061,000,000","14,501,000,000","14,896,000,000","16,612,000,000","17,955,000,000","19,585,000,000","21,480,000,000","20,156,000,000","17,444,000,000","17,120,000,000","14,096,000,000","16,578,000,000","17,915,000,000","17,612,000,000","18,237,000,000","19,228,000,000","17,665,000,000","16,786,000,000","14,865,000,000","17,815,000,000",,,,,"3,791,000,000","8,300,000,000","10,562,000,000","10,039,000,000","-4,650,000,000","13,601,000,000","13,003,000,000","17,295,000,000","18,016,000,000","19,667,000,000","19,862,000,000","19,160,000,000"
	TotalOtherFinanceCost,"-20,429,000,000","-81,000,000",,"84,423,000,000","-73,042,000,000","-10,971,000,000",,"181,969,000,000","46,949,000,000","301,725,000,000","1,000,000","-61,000,000",,,"0",,,"13,000,000",,,,,"0",,"3,031,000,000",,,,,,,,,,,,,,,"-14,000,000","-26,000,000","-3,000,000","0",,"-8,000,000","-8,000,000","-45,484,000,000","-4,951,000,000","39,856,000,000","8,864,000,000",,,,,,,,,,,,
PretaxIncome,"4,486,242,000,000","1,023,562,000,000","511,735,000,000","737,504,000,000","2,211,252,000,000","1,426,627,000,000","-391,563,000,000","707,641,000,000","470,045,000,000","176,012,000,000","-155,868,000,000","243,901,000,000","192,945,000,000","279,582,000,000","157,513,000,000","485,086,000,000","644,252,000,000","653,196,000,000","433,620,000,000","702,380,000,000","729,594,000,000","698,301,000,000","358,077,000,000","378,582,000,000","500,086,000,000","423,084,000,000","292,917,000,000","439,679,000,000","492,943,000,000","324,105,000,000","222,050,000,000","293,821,000,000","289,957,000,000","354,033,000,000","235,966,000,000","441,007,000,000","509,668,000,000","414,655,000,000","375,127,000,000","585,081,000,000","480,065,000,000","440,225,000,000","501,922,000,000","667,666,000,000","786,148,000,000","840,862,000,000","557,453,000,000","790,610,000,000","821,577,000,000","648,797,000,000","251,830,000,000","700,120,000,000","606,641,000,000","425,755,000,000","-10,605,000,000","399,348,000,000","502,320,000,000","354,401,000,000","177,272,000,000","271,770,000,000","217,622,000,000","155,584,000,000"
TaxProvision,"1,105,408,000,000","253,652,000,000","168,194,000,000","36,933,000,000","646,630,000,000","384,034,000,000","-5,383,000,000","186,230,000,000","79,219,000,000","115,488,000,000","-99,026,000,000","106,716,000,000","109,122,000,000","67,644,000,000","30,940,000,000","138,486,000,000","150,857,000,000","100,452,000,000","95,518,000,000","156,928,000,000","139,272,000,000","150,204,000,000","88,120,000,000","81,154,000,000","124,602,000,000","84,959,000,000","85,875,000,000","97,310,000,000","139,975,000,000","77,953,000,000","112,709,000,000","61,901,000,000","63,211,000,000","68,015,000,000","59,090,000,000","88,674,000,000","108,707,000,000","74,212,000,000","82,803,000,000","125,768,000,000","106,212,000,000","59,371,000,000","124,932,000,000","156,041,000,000","161,681,000,000","184,275,000,000","120,189,000,000","191,498,000,000","175,929,000,000","131,056,000,000","43,357,000,000","157,056,000,000","139,558,000,000","104,673,000,000","-15,430,000,000","102,352,000,000","116,774,000,000","95,969,000,000","44,295,000,000","60,805,000,000","-22,196,000,000","38,346,000,000"
NetIncomeCommonStockholders,"3,051,263,000,000","688,178,000,000","262,685,000,000","610,128,000,000","1,490,272,000,000","1,306,702,000,000","-403,011,000,000","512,300,000,000","382,268,000,000","21,076,000,000","-77,765,000,000","128,555,000,000","68,088,000,000","194,487,000,000","120,146,000,000","343,389,000,000","477,724,000,000","531,349,000,000","315,761,000,000","520,952,000,000","577,077,000,000","531,490,000,000","268,850,000,000","295,600,000,000","376,911,000,000","339,762,000,000","210,334,000,000","350,412,000,000","349,445,000,000","242,796,000,000","110,135,000,000","242,352,000,000","227,332,000,000","288,104,000,000","176,737,000,000","351,790,000,000","398,295,000,000","339,146,000,000","289,851,000,000","452,652,000,000","376,584,000,000","375,399,000,000","375,409,000,000","510,035,000,000","613,975,000,000","638,506,000,000","419,806,000,000","588,556,000,000","638,791,000,000","511,103,000,000","208,473,000,000","543,064,000,000","467,083,000,000","288,512,000,000","61,611,000,000","296,996,000,000","385,546,000,000","258,432,000,000","125,879,000,000","210,721,000,000","236,579,000,000","113,027,000,000"
	NetIncome,"3,051,263,000,000","688,178,000,000","262,685,000,000","610,128,000,000","1,490,272,000,000","1,306,702,000,000","-403,011,000,000","512,300,000,000","382,268,000,000","21,076,000,000","-77,765,000,000","128,555,000,000","68,088,000,000","194,487,000,000","120,146,000,000","343,389,000,000","477,724,000,000","531,349,000,000","315,761,000,000","520,952,000,000","577,077,000,000","531,490,000,000","268,850,000,000","295,600,000,000","376,911,000,000","339,762,000,000","210,334,000,000","350,412,000,000","349,445,000,000","242,796,000,000","110,135,000,000","242,352,000,000","227,332,000,000","288,104,000,000","176,737,000,000","351,790,000,000","398,295,000,000","339,146,000,000","289,851,000,000","452,652,000,000","376,584,000,000","375,399,000,000","375,409,000,000","510,035,000,000","613,975,000,000","638,506,000,000","419,806,000,000","588,556,000,000","638,791,000,000","511,103,000,000","208,473,000,000","543,064,000,000","467,083,000,000","288,512,000,000","61,611,000,000","296,996,000,000","385,546,000,000","258,432,000,000","125,879,000,000","210,721,000,000","236,579,000,000","113,027,000,000"
		NetIncomeIncludingNoncontrollingInterests,"3,352,154,000,000","769,222,000,000","336,778,000,000","679,885,000,000","1,566,269,000,000","1,370,972,000,000","-343,396,000,000","570,387,000,000","419,070,000,000","36,347,000,000","-56,842,000,000","137,185,000,000","83,823,000,000","211,938,000,000","126,573,000,000","346,600,000,000","493,395,000,000","552,744,000,000","338,102,000,000","545,452,000,000","590,322,000,000","548,097,000,000","269,957,000,000","297,428,000,000","375,484,000,000","338,125,000,000","207,042,000,000","342,369,000,000","352,968,000,000","246,152,000,000","109,341,000,000","231,920,000,000","226,746,000,000","286,018,000,000","176,876,000,000","352,333,000,000","400,961,000,000","340,443,000,000","292,324,000,000","459,313,000,000","373,853,000,000","380,854,000,000","376,990,000,000","511,625,000,000","624,467,000,000","656,587,000,000","437,264,000,000","599,112,000,000","645,648,000,000","517,741,000,000","208,473,000,000","543,064,000,000","467,083,000,000","288,512,000,000","61,611,000,000","296,996,000,000","385,546,000,000","258,432,000,000","125,879,000,000","210,721,000,000","236,579,000,000","113,027,000,000"
			NetIncomeContinuousOperations,"3,380,834,000,000","769,910,000,000","343,541,000,000","700,571,000,000","1,564,622,000,000","1,042,593,000,000","-386,180,000,000","521,411,000,000","390,826,000,000","60,524,000,000","-56,842,000,000","137,185,000,000","83,823,000,000","211,938,000,000","126,573,000,000","346,600,000,000","493,395,000,000","552,744,000,000","338,102,000,000","545,452,000,000","590,322,000,000","548,097,000,000","269,957,000,000","297,428,000,000","375,484,000,000","338,125,000,000","207,042,000,000","342,369,000,000","352,968,000,000","246,152,000,000","109,341,000,000","231,920,000,000","226,746,000,000","286,018,000,000","176,876,000,000","352,333,000,000","400,961,000,000","340,443,000,000","292,324,000,000","459,313,000,000","373,853,000,000","380,854,000,000","376,990,000,000","511,625,000,000","624,467,000,000","656,587,000,000","437,264,000,000","599,112,000,000","645,648,000,000","517,741,000,000",,"543,064,000,000","467,083,000,000","321,082,000,000",,"296,996,000,000","385,546,000,000","258,432,000,000",,"210,965,000,000","239,818,000,000","117,238,000,000"
			NetIncomeDiscontinuousOperations,"-28,680,000,000","-688,000,000","-6,763,000,000","-20,686,000,000","1,647,000,000","328,379,000,000","42,784,000,000","48,976,000,000","28,244,000,000","-24,177,000,000",,,,,,,,,,,,,,,,,,,,,,,,,,,,,,,,,,,,,,,,,"0","0","0","-32,570,000,000",,,,,"-7,098,000,000","-244,000,000","-3,239,000,000","-4,211,000,000"
		MinorityInterests,"-300,891,000,000","-81,044,000,000","-74,093,000,000","-69,757,000,000","-75,997,000,000","-64,270,000,000","-59,615,000,000","-58,087,000,000","-36,802,000,000","-15,271,000,000","-20,923,000,000","-8,630,000,000","-15,735,000,000","-17,451,000,000","-6,427,000,000","-3,211,000,000","-15,671,000,000","-21,395,000,000","-22,341,000,000","-24,500,000,000","-13,245,000,000","-16,607,000,000","-1,107,000,000","-1,828,000,000","1,427,000,000","1,637,000,000","3,292,000,000","8,043,000,000","-3,523,000,000","-3,356,000,000","794,000,000","10,432,000,000","586,000,000","2,086,000,000","-139,000,000","-543,000,000","-2,666,000,000","-1,297,000,000","-2,473,000,000","-6,661,000,000","2,731,000,000","-5,455,000,000","-1,581,000,000","-1,590,000,000","-10,492,000,000","-18,081,000,000","-17,458,000,000","-10,556,000,000","-6,857,000,000","-6,638,000,000",,,,,,,,,,,,
DilutedNIAvailtoComStockholders,,,,,,,,,,,,,,,,,,,"315,761,000,000","520,952,000,000","577,077,000,000","531,490,000,000","268,850,000,000","295,600,000,000","376,911,000,000","339,762,000,000","210,334,000,000","350,412,000,000","349,445,000,000","242,796,000,000","110,135,000,000",,"227,332,000,000","288,104,000,000","176,737,000,000","351,790,000,000","398,295,000,000","339,146,000,000","289,851,000,000","452,652,000,000","376,584,000,000","375,399,000,000",,"510,035,000,000","613,975,000,000","638,506,000,000","419,806,000,000","588,556,000,000","638,791,000,000","511,103,000,000",,"543,064,000,000","467,083,000,000","288,512,000,000",,"296,996,000,000","385,546,000,000","258,432,000,000",,"210,721,000,000","236,579,000,000",
BasicEPS,,"8,832",,"7,832","19,132","16,776",,"6,680","4,988","274",,"1,677","887","2,537",,"4,481","6,234","6,934",,"6,799","7,531","6,936",,"4,019","5,124","4,619",,"4,764","4,751","3,300",,"3,294","3,090","3,917",,"4,783","5,415","4,611",,"6,154","5,120","5,104",,"6,935","8,348","8,682",,"8,002","8,686","6,949",,"7,384","6,350","3,454",,"3,561","4,629","3,102",,"2,907.468","3,263","1,559.514"
DilutedEPS,,"8,832",,"7,832","19,132","16,776",,"6,680","4,988","274",,"1,573","819","2,530",,"4,462","6,177","6,934",,"6,799","7,531","6,936",,"4,019","5,124","4,619",,"4,764","4,751","3,300",,"3,294","3,090","3,917",,"4,783","5,415","4,611",,"6,154","5,120","5,104",,"6,935","8,348","8,682",,"8,002","8,686","6,949",,"7,384","6,350","3,454",,"3,561","4,629","3,102",,"2,907.468","3,263","1,559.514"
BasicAverageShares,,"70,224,814",,"70,217,122","70,216,305","70,213,855",,"68,999,296","68,939,926","68,939,926",,"68,939,926","68,939,926","68,939,926",,"68,939,927","68,939,927","68,939,927",,"68,940,380","68,940,610","68,941,301",,"65,911,305","65,911,305","65,911,305",,"65,911,305","65,911,305","65,911,305",,"65,911,308","65,911,308","65,911,308",,"65,911,310","65,911,310","65,911,310",,"65,911,316","65,911,316","65,911,316",,"65,911,319","65,911,319","65,911,319",,"73,551,112","73,542,597","73,550,583",,"73,546,046","73,556,378","83,529,820",,"83,402,415","83,289,263","83,311,412",,"72,517,320","72,503,524",
DilutedAverageShares,,"70,224,814",,"70,217,122","70,216,305","70,213,855",,"68,999,296","70,224,660","70,224,660",,"70,224,660","70,224,660","70,224,660",,"69,730,533","69,479,373","68,939,927",,"68,940,380","68,940,610","68,941,301",,"65,911,305","65,911,305","65,911,305",,"65,911,305","65,911,305","65,911,305",,"65,911,308","65,911,308","65,911,308",,"65,911,310","65,911,310","65,911,310",,"65,911,316","65,911,316","65,911,316",,"65,911,319","65,911,319","65,911,319",,"73,551,112","73,542,597","73,550,583",,"73,546,046","73,556,378","83,529,820",,"83,402,415","83,289,263","83,311,412",,"72,517,320","72,503,524",
TotalOperatingIncomeAsReported,"4,640,242,000,000","1,024,260,000,000","748,416,000,000","726,605,000,000","2,139,808,000,000","1,408,144,000,000","118,577,000,000","902,084,000,000","571,642,000,000","236,458,000,000","-27,508,000,000","380,274,000,000","267,515,000,000","275,367,000,000","289,559,000,000","602,379,000,000","703,291,000,000","650,841,000,000","614,981,000,000","789,698,000,000","726,870,000,000","796,908,000,000","461,724,000,000","459,997,000,000","612,453,000,000","457,745,000,000","352,007,000,000","546,318,000,000","563,441,000,000","361,802,000,000","231,579,000,000","357,453,000,000","359,634,000,000","362,095,000,000","316,362,000,000","516,250,000,000","501,518,000,000","408,916,000,000","346,632,000,000","601,261,000,000","502,955,000,000","459,476,000,000","500,408,000,000","724,321,000,000","775,384,000,000","835,312,000,000","562,262,000,000","778,765,000,000","827,876,000,000","652,426,000,000",,"655,866,000,000","563,031,000,000","416,495,000,000",,"442,909,000,000","481,393,000,000","378,790,000,000",,"252,516,000,000","162,890,000,000","126,918,000,000"
TotalExpenses,"39,977,858,000,000","10,583,811,000,000","10,200,281,000,000","9,883,548,000,000","9,316,334,000,000","8,241,888,000,000","8,786,292,000,000","6,605,197,000,000","6,363,549,000,000","6,879,271,000,000","7,488,730,000,000","6,967,029,000,000","6,909,929,000,000","6,363,706,000,000","7,053,153,000,000","6,632,479,000,000","6,348,562,000,000","5,902,749,000,000","5,817,221,000,000","5,607,385,000,000","5,655,192,000,000","5,689,760,000,000","5,049,972,000,000","4,594,281,000,000","4,606,776,000,000","4,416,347,000,000","4,688,583,000,000","4,631,431,000,000","4,509,781,000,000","4,553,220,000,000","5,140,724,000,000","5,306,495,000,000","5,509,129,000,000","5,310,721,000,000","5,324,275,000,000","5,348,882,000,000","5,415,721,000,000","5,311,688,000,000","5,334,014,000,000","5,224,642,000,000","5,490,520,000,000","5,303,484,000,000","5,083,920,000,000","5,163,145,000,000","4,917,675,000,000","4,655,872,000,000","4,412,386,000,000","4,240,841,000,000","4,193,574,000,000","3,773,443,000,000",,"3,141,831,000,000","2,838,753,000,000","2,515,532,000,000",,"3,621,908,000,000","3,256,600,000,000","3,069,294,000,000",,"2,514,097,000,000","2,482,027,000,000","2,253,817,000,000"
NetIncomeFromContinuingAndDiscontinuedOperation,"3,051,263,000,000","688,178,000,000","262,685,000,000","610,128,000,000","1,490,272,000,000","1,306,702,000,000","-403,011,000,000","512,300,000,000","382,268,000,000","21,076,000,000","-77,765,000,000","128,555,000,000","68,088,000,000","194,487,000,000","120,146,000,000","343,389,000,000","477,724,000,000","531,349,000,000","315,761,000,000","520,952,000,000","577,077,000,000","531,490,000,000","268,850,000,000","295,600,000,000","376,911,000,000","339,762,000,000","210,334,000,000","350,412,000,000","349,445,000,000","242,796,000,000","110,135,000,000","242,352,000,000","227,332,000,000","288,104,000,000","176,737,000,000","351,790,000,000","398,295,000,000","339,146,000,000","289,851,000,000","452,652,000,000","376,584,000,000","375,399,000,000","375,409,000,000","510,035,000,000","613,975,000,000","638,506,000,000","419,806,000,000","588,556,000,000","638,791,000,000","511,103,000,000",,"543,064,000,000","467,083,000,000","288,512,000,000",,"296,996,000,000","385,546,000,000","258,432,000,000",,"210,721,000,000","236,579,000,000","113,027,000,000"
NormalizedIncome,"3,176,905,002,185.794","673,539,438,287.08","423,597,200,033.22","547,366,234,785.167","1,496,401,933,792.259","958,336,813,446.682","-99,594,718,870.271","571,642,406,460.338","424,953,790,939.165","-165,845,000,000","53,188,750,000","130,103,000,000","79,439,250,000","206,776,556,752.581","157,180,212,103.128","359,394,794,024.152","489,557,018,981.703","543,491,333,474.179","321,767,179,848.715","622,363,608,781.571","581,387,130,420.481","559,839,046,394.034","314,444,828,615.074","299,737,949,707.065","379,350,475,442.224","346,725,352,726.645","236,805,423,447.598","364,166,593,728.607","402,472,938,678.509","254,957,589,534.256","122,863,820,000","289,507,011,792.894","251,132,912,742.234","290,642,375,111.925","221,789,161,023.198","374,366,117,644.391","402,336,330,154.14","343,251,135,594.651","286,517,296,822.143","450,526,892,038.88","376,665,769,270.828","377,212,322,696.348","368,665,688,848.068","544,394,624,984.648","606,247,682,782.377","637,530,718,487.695","440,835,661,406.433","585,716,581,495.301","643,613,848,955.119","511,313,672,404.466","259,240,934,370.787","546,169,017,985.488","481,805,206,449.943","318,023,932,543.364","4,113,446,986.023","262,919,563,608.682","374,061,438,768.116","243,790,964,291.861","158,103,210,913.287","223,641,375,059.793","239,413,000,000","118,933,453,902.715"
InterestIncome,"123,119,000,000","58,226,000,000","20,697,000,000","32,547,000,000","11,649,000,000","10,852,000,000","7,123,000,000","7,950,000,000","7,664,000,000","12,753,000,000","9,990,000,000","9,934,000,000","13,684,000,000","11,708,000,000","12,401,000,000","11,938,000,000","12,233,000,000","11,264,000,000","8,680,000,000","7,730,000,000","6,340,000,000","7,466,000,000","9,567,000,000","9,423,000,000","9,911,000,000","11,373,000,000","9,380,000,000","8,485,000,000","9,479,000,000","10,172,000,000","11,317,000,000","11,865,000,000","10,227,000,000","12,053,000,000","10,223,000,000","8,748,000,000","7,770,000,000","8,991,000,000","9,546,000,000","8,276,000,000","5,039,000,000","7,237,000,000","7,614,000,000","5,836,000,000","6,183,000,000","7,760,000,000",,,,,,"6,954,000,000","5,131,000,000","5,197,000,000",,"5,298,000,000","3,962,000,000","8,551,000,000",,"2,265,000,000","2,347,000,000","2,336,000,000"
InterestExpense,"232,834,000,000","62,188,000,000","58,265,000,000","65,633,000,000","46,807,000,000","40,411,000,000","29,770,000,000","51,330,000,000","57,178,000,000","63,513,000,000","57,489,000,000","56,058,000,000","55,961,000,000","39,827,000,000","44,444,000,000","35,894,000,000","29,595,000,000","25,579,000,000","22,167,000,000","23,770,000,000","26,851,000,000","27,088,000,000","20,790,000,000","19,889,000,000","22,229,000,000","14,004,000,000","12,061,000,000","14,501,000,000","14,896,000,000","16,612,000,000","17,955,000,000","19,585,000,000","21,480,000,000","20,156,000,000","17,444,000,000","17,120,000,000","14,096,000,000","16,578,000,000","17,915,000,000","17,612,000,000","18,237,000,000","19,228,000,000","17,665,000,000","16,786,000,000","14,865,000,000","17,815,000,000",,,,,"3,791,000,000","8,300,000,000","10,562,000,000","10,039,000,000","-4,650,000,000","13,601,000,000","13,003,000,000","17,295,000,000","18,016,000,000","19,667,000,000","19,862,000,000","19,160,000,000"
NetInterestIncome,"-89,286,000,000","-3,881,000,000","-6,247,000,000","-33,086,000,000","-35,158,000,000","-18,588,000,000","-18,749,000,000","-43,380,000,000","-49,514,000,000","-50,760,000,000","-47,500,000,000","-46,063,000,000","-42,277,000,000","-28,119,000,000","-32,043,000,000","-23,956,000,000","-17,362,000,000","-14,328,000,000","-13,487,000,000","-16,040,000,000","-20,511,000,000","-19,622,000,000","-11,223,000,000","-10,466,000,000","-15,349,000,000","-2,631,000,000","-2,681,000,000","-6,016,000,000","-5,417,000,000","-6,440,000,000","-6,638,000,000","-7,720,000,000","-11,253,000,000","-8,103,000,000","-7,221,000,000","-8,372,000,000","-6,326,000,000","-7,587,000,000","-8,411,000,000","-9,322,000,000","-13,172,000,000","-11,988,000,000","-10,051,000,000","-10,950,000,000","-8,674,000,000","-10,047,000,000","10,924,000,000","4,951,000,000","-39,856,000,000","-8,864,000,000","-5,443,000,000","-1,346,000,000","-5,431,000,000","-4,842,000,000","-75,744,000,000","-8,303,000,000","-9,041,000,000","-8,744,000,000","4,399,000,000","-17,402,000,000","-17,515,000,000","-16,824,000,000"
EBIT,"4,719,076,000,000","1,085,750,000,000","570,000,000,000","803,137,000,000","2,258,059,000,000","1,467,038,000,000","-361,793,000,000","758,971,000,000","527,223,000,000","239,525,000,000","-98,379,000,000","299,959,000,000","248,906,000,000","319,409,000,000","201,957,000,000","520,980,000,000","673,847,000,000","678,775,000,000","455,787,000,000","726,150,000,000","756,445,000,000","725,389,000,000","378,867,000,000","398,471,000,000","522,315,000,000","437,088,000,000","304,978,000,000","454,180,000,000","507,839,000,000","340,717,000,000","240,005,000,000","313,406,000,000","311,437,000,000","374,189,000,000","253,410,000,000","458,127,000,000","523,764,000,000","431,233,000,000","393,042,000,000","602,693,000,000","498,302,000,000","459,453,000,000","519,587,000,000","684,452,000,000","801,013,000,000","858,677,000,000","615,008,000,000","780,545,000,000","834,472,000,000","649,662,000,000","255,621,000,000","708,420,000,000","617,203,000,000","435,794,000,000","-15,255,000,000","412,949,000,000","515,323,000,000","371,696,000,000","195,288,000,000","291,437,000,000","237,484,000,000","174,744,000,000"
EBITDA,"7,725,583,000,000"
ReconciledCostOfRevenue,"33,360,277,000,000","9,110,372,000,000","8,683,683,000,000","7,960,597,000,000","7,611,233,000,000","7,192,705,000,000","7,011,570,000,000","5,711,165,000,000","5,421,815,000,000","5,960,696,000,000","6,186,234,000,000","6,094,464,000,000","6,029,442,000,000","5,469,095,000,000","6,176,964,000,000","5,867,550,000,000","5,580,273,000,000","5,212,029,000,000","5,110,097,000,000","4,940,129,000,000","5,011,211,000,000","5,073,053,000,000","4,489,521,000,000","4,091,441,000,000","4,074,378,000,000","3,939,719,000,000","4,211,996,000,000","4,159,918,000,000","4,047,657,000,000","4,120,970,000,000","4,688,296,000,000","4,896,640,000,000","5,078,851,000,000","4,910,153,000,000","4,928,575,000,000","4,951,767,000,000","5,006,627,000,000","4,947,704,000,000","4,959,792,000,000","4,877,198,000,000","5,134,765,000,000","4,983,320,000,000","4,754,656,000,000","4,855,249,000,000","4,622,718,000,000","4,362,239,000,000","4,075,668,000,000","3,954,333,000,000","3,915,605,000,000","3,526,993,000,000","2,995,425,000,000","2,928,763,000,000","2,631,529,000,000","2,320,235,000,000","1,422,144,000,000","3,324,032,000,000","2,962,575,000,000","2,796,791,000,000","2,501,179,000,000","2,251,834,000,000","2,215,293,000,000","2,014,363,000,000"
ReconciledDepreciation,"3,006,507,000,000","793,287,000,000","785,819,000,000","739,438,000,000","687,963,000,000","627,688,000,000","638,222,000,000","584,703,000,000","558,122,000,000","529,912,000,000","513,599,000,000","481,463,000,000","456,252,000,000","405,153,000,000","398,118,000,000","370,071,000,000","363,842,000,000","355,238,000,000","348,861,000,000","350,192,000,000","352,388,000,000","350,601,000,000","344,623,000,000","336,540,000,000","333,711,000,000","321,819,000,000","325,712,000,000","315,706,000,000","306,879,000,000","307,785,000,000","302,331,000,000","288,829,000,000","281,053,000,000","278,011,000,000","272,757,000,000","263,536,000,000","257,072,000,000","251,868,000,000","242,108,000,000","220,559,000,000","210,950,000,000","199,921,000,000","197,193,000,000","186,798,000,000","190,936,000,000","181,741,000,000","16,363,000,000","12,987,000,000","12,440,000,000","12,251,000,000","113,346,000,000","106,565,000,000","103,410,000,000","110,493,000,000","112,946,000,000","105,241,000,000","102,328,000,000","102,726,000,000","104,936,000,000","98,740,000,000","131,440,000,000","128,557,000,000"
NetIncomeFromContinuingOperationNetMinorityInterest,"3,079,943,000,000","688,866,000,000","269,448,000,000","630,814,000,000","1,488,625,000,000","978,323,000,000","-445,795,000,000","463,324,000,000","354,024,000,000","45,253,000,000","-77,765,000,000","128,555,000,000","68,088,000,000","194,487,000,000","120,146,000,000","343,389,000,000","477,724,000,000","531,349,000,000","315,761,000,000","520,952,000,000","577,077,000,000","531,490,000,000","268,850,000,000","295,600,000,000","376,911,000,000","339,762,000,000","210,334,000,000","350,412,000,000","349,445,000,000","242,796,000,000","110,135,000,000","242,352,000,000","227,332,000,000","288,104,000,000","176,737,000,000","351,790,000,000","398,295,000,000","339,146,000,000","289,851,000,000","452,652,000,000","376,584,000,000","375,399,000,000","375,409,000,000","510,035,000,000","613,975,000,000","638,506,000,000","419,806,000,000","588,556,000,000","638,791,000,000","511,103,000,000","208,473,000,000","543,064,000,000","467,083,000,000","321,082,000,000","4,825,000,000","296,996,000,000","385,546,000,000","258,432,000,000","132,977,000,000","210,965,000,000","239,818,000,000","117,238,000,000"
TotalUnusualItemsExcludingGoodwill,"-128,665,000,000","20,376,000,000","-229,619,000,000","87,847,000,000","-10,991,000,000","27,348,000,000","-351,026,000,000","-147,006,000,000","-85,307,000,000","281,464,000,000","-174,605,000,000","-2,064,000,000","-15,135,000,000","-16,212,000,000","-46,087,000,000","-22,401,000,000","-15,451,000,000","-14,349,000,000","-7,703,000,000","-130,588,000,000","-5,327,000,000","-36,118,000,000","-60,478,000,000","-5,267,000,000","-3,249,000,000","-8,713,000,000","-37,451,000,000","-17,664,000,000","-74,057,000,000","-16,013,000,000","-16,319,000,000","-59,741,000,000","-30,436,000,000","-3,142,000,000","-60,103,000,000","-28,258,000,000","-5,137,000,000","-5,000,000,000","4,278,000,000","2,707,000,000","-105,000,000","-2,096,000,000","8,978,000,000","-44,839,000,000","9,728,000,000","1,249,000,000","-26,810,000,000","3,747,000,000","-6,137,000,000","-264,000,000","-65,429,000,000","-4,003,000,000","-19,121,000,000","4,055,000,000","937,000,000","45,820,000,000","14,963,000,000","20,078,000,000","-29,471,000,000","-16,330,000,000","540,000,000","-2,250,000,000"
TotalUnusualItems,"-128,665,000,000","20,376,000,000","-229,619,000,000","87,847,000,000","-10,991,000,000","27,348,000,000","-351,026,000,000","-147,006,000,000","-85,307,000,000","281,464,000,000","-174,605,000,000","-2,064,000,000","-15,135,000,000","-16,212,000,000","-46,087,000,000","-22,401,000,000","-15,451,000,000","-14,349,000,000","-7,703,000,000","-130,588,000,000","-5,327,000,000","-36,118,000,000","-60,478,000,000","-5,267,000,000","-3,249,000,000","-8,713,000,000","-37,451,000,000","-17,664,000,000","-74,057,000,000","-16,013,000,000","-16,319,000,000","-59,741,000,000","-30,436,000,000","-3,142,000,000","-60,103,000,000","-28,258,000,000","-5,137,000,000","-5,000,000,000","4,278,000,000","2,707,000,000","-105,000,000","-2,096,000,000","8,978,000,000","-44,839,000,000","9,728,000,000","1,249,000,000","-26,810,000,000","3,747,000,000","-6,137,000,000","-264,000,000","-65,429,000,000","-4,003,000,000","-19,121,000,000","4,055,000,000","937,000,000","45,820,000,000","14,963,000,000","20,078,000,000","-29,471,000,000","-16,330,000,000","540,000,000","-2,250,000,000"
NormalizedEBITDA,"7,854,248,000,000","1,858,661,000,000","1,585,438,000,000","1,454,728,000,000","2,957,013,000,000","2,067,378,000,000","627,455,000,000","1,490,680,000,000","1,170,652,000,000","487,973,000,000","589,825,000,000","783,486,000,000","720,293,000,000","740,774,000,000","646,162,000,000","913,452,000,000","1,053,140,000,000","1,048,362,000,000","812,351,000,000","1,206,930,000,000","1,114,160,000,000","1,112,108,000,000","783,968,000,000","740,278,000,000","859,275,000,000","767,620,000,000","668,141,000,000","787,550,000,000","888,775,000,000","664,515,000,000","558,655,000,000","661,976,000,000","622,926,000,000","655,342,000,000","586,270,000,000","749,921,000,000","785,973,000,000","688,101,000,000","630,872,000,000","820,545,000,000","709,357,000,000","661,470,000,000","707,802,000,000","916,089,000,000","982,221,000,000","1,039,169,000,000","658,181,000,000","789,785,000,000","853,049,000,000","662,177,000,000",,"818,988,000,000","739,734,000,000","542,232,000,000",,"472,370,000,000","602,688,000,000","454,344,000,000",,"406,507,000,000","368,384,000,000","305,551,000,000"
TaxRateForCalcs,"0.246","0.248","0.329","0.05","0.292","0.269","0.014","0.263","0.169","0.25","0.25","0.25","0.25","0.242","0.196","0.285","0.234","0.154","0.22","0.223","0.191","0.215","0.246","0.214","0.249","0.201","0.293","0.221","0.284","0.241","0.22","0.211","0.218","0.192","0.25","0.201","0.213","0.179","0.221","0.215","0.221","0.135","0.249","0.234","0.206","0.219","0.216","0.242","0.214","0.202","0.224","0.224","0.23","0.246","0.241","0.256","0.232","0.271","0.147","0.224","0.25","0.246"
TaxEffectOfUnusualItems,"-31,702,997,814.206","5,049,438,287.08","-75,469,799,966.78","4,399,234,785.167","-3,214,066,207.741","7,361,813,446.682","-4,825,718,870.271","-38,687,593,539.662","-14,377,209,060.835","70,366,000,000","-43,651,250,000","-516,000,000","-3,783,750,000","-3,922,443,247.419","-9,052,787,896.872","-6,395,205,975.848","-3,617,981,018.297","-2,206,666,525.821","-1,696,820,151.285","-29,176,391,218.429","-1,016,869,579.52","-7,768,953,605.966","-14,883,171,384.926","-1,129,050,292.935","-809,524,557.776","-1,749,647,273.355","-10,979,576,552.402","-3,909,406,271.393","-21,029,061,321.492","-3,851,410,465.744","-3,590,180,000","-12,585,988,207.106","-6,635,087,257.766","-603,624,888.075","-15,050,838,976.802","-5,681,882,355.609","-1,095,669,845.86","-894,864,405.349","944,296,822.143","581,892,038.88","-23,230,729.172","-282,677,303.652","2,234,688,848.068","-10,479,375,015.352","2,000,682,782.377","273,718,487.695","-5,780,338,593.568","907,581,495.301","-1,314,151,044.881","-53,327,595.535","-14,661,065,629.213","-897,982,014.512","-4,398,793,550.057","996,932,543.364","225,446,986.023","11,743,563,608.682","3,478,438,768.116","5,436,964,291.861","-4,344,789,086.713","-3,653,624,940.207","135,000,000","-554,546,097.285"