name,ttm,03/31/2022,12/31/2021,09/30/2021,06/30/2021,03/31/2021,12/31/2020,09/30/2020,06/30/2020,03/31/2020,12/31/2019,09/30/2019,06/30/2019,03/31/2019,12/31/2018,09/30/2018,06/30/2018,03/31/2018,12/31/2017,09/30/2017,06/30/2017,03/31/2017,12/31/2016,09/30/2016,06/30/2016,03/31/2016,12/31/2015,09/30/2015,06/30/2015,03/31/2015,12/31/2014,09/30/2014,06/30/2014,03/31/2014,12/31/2013,09/30/2013,06/30/2013,03/31/2013,12/31/2012,09/30/2012,06/30/2012,03/31/2012,12/31/2011,09/30/2011,06/30/2011,03/31/2011,12/31/2010,09/30/2010,06/30/2010,03/31/2010,12/31/2009,09/30/2009,06/30/2009,03/31/2009,12/31/2008,09/30/2008,06/30/2008,03/31/2008,12/31/2007,09/30/2007,06/30/2007,03/31/2007,12/31/2006,09/30/2006,06/30/2006,03/31/2006,12/31/2005,09/30/2005,06/30/2005,03/31/2005,12/31/2004,09/30/2004,06/30/2004,03/31/2004,12/31/2003,09/30/2003,06/30/2003,03/31/2003,12/31/2002,09/30/2002,06/30/2002,03/31/2002,12/31/2001,09/30/2001,06/30/2001,03/31/2001,12/31/2000,09/30/2000,06/30/2000,03/31/2000,12/31/1999,09/30/1999,06/30/1999,03/31/1999,12/31/1998,09/30/1998,06/30/1998,03/31/1998,12/31/1997,09/30/1997,06/30/1997,03/31/1997,12/31/1996,09/30/1996,06/30/1996,03/31/1996,12/31/1995,09/30/1995,06/30/1995,03/31/1995,12/31/1994,09/30/1994,06/30/1994,03/31/1994,12/31/1993,09/30/1993,06/30/1993,03/31/1993,12/31/1992,09/30/1992,06/30/1992,03/31/1992,12/31/1991,09/30/1991,06/30/1991,03/31/1991,12/31/1990,09/30/1990,06/30/1990,03/31/1990
TotalRevenue,"11,358,000,000","2,852,000,000","2,770,000,000","3,036,000,000","2,700,000,000","2,635,000,000","2,560,000,000","2,545,000,000","2,217,000,000","2,338,000,000","2,431,000,000","2,625,000,000","2,483,000,000","2,650,000,000","2,622,000,000","2,837,000,000","2,537,000,000","2,740,000,000","-64,000,000","3,632,000,000","3,470,000,000","3,492,000,000","3,544,000,000","3,542,000,000","3,229,000,000","3,471,000,000","3,400,000,000","3,721,000,000","3,858,000,000","3,984,000,000","4,132,000,000","4,441,000,000","4,311,000,000","4,262,000,000","3,783,000,000","4,003,000,000","4,068,000,000","4,265,000,000","4,622,000,000","4,587,000,000","4,192,000,000","4,740,000,000","4,157,000,000","4,381,000,000","4,544,000,000","4,264,000,000","4,404,000,000","4,151,000,000","4,021,000,000","4,112,000,000","3,408,000,000","3,838,000,000","3,495,000,000","3,378,000,000","3,475,000,000","4,345,000,000","4,146,000,000","4,104,000,000","3,664,000,000","3,471,000,000","3,344,000,000","3,121,000,000","3,129,000,000","3,150,000,000","3,038,000,000","3,013,000,000","2,973,000,000","2,782,000,000","2,668,000,000","2,645,000,000","2,543,000,000","2,423,000,000","2,263,000,000","2,257,000,000","2,087,000,000","2,322,000,000","2,192,000,000","2,223,000,000","2,134,000,000","2,138,000,000","2,131,000,000","2,719,000,000","2,299,000,000","2,268,000,000","2,215,000,000","2,545,000,000","1,916,000,000","1,761,000,000","1,538,000,000","1,476,000,000","1,128,000,000","847,000,000","640,000,000","638,000,000","646,000,000","612,000,000","565,000,000","575,000,000","531,000,000","358,000,000","261,000,000","261,000,000","284,000,000","205,000,000","174,000,000","172,000,000","172,900,000","174,100,000","167,300,000","137,500,000","135,100,000","136,400,000","136,000,000","125,200,000","131,100,000","129,200,000","128,800,000","129,500,000","117,200,000","107,600,000","87,200,000","89,000,000","87,000,000","92,300,000","81,300,000","72,900,000","50,000,000","55,100,000","51,000,000","34,000,000"
	OperatingRevenue,"11,358,000,000","2,852,000,000","2,770,000,000","3,036,000,000","2,700,000,000","2,635,000,000","2,560,000,000","2,545,000,000","2,217,000,000","2,338,000,000","2,431,000,000","2,625,000,000","2,483,000,000","2,650,000,000","2,622,000,000","2,837,000,000","2,537,000,000","2,740,000,000","-64,000,000","3,632,000,000","3,470,000,000","3,492,000,000","3,544,000,000","3,542,000,000","3,229,000,000","3,471,000,000","3,400,000,000","3,721,000,000","3,858,000,000","3,984,000,000","4,132,000,000","4,441,000,000","4,311,000,000","4,262,000,000","3,783,000,000","4,003,000,000","4,068,000,000","4,265,000,000","4,622,000,000","4,587,000,000","4,192,000,000","4,740,000,000","4,157,000,000","4,381,000,000","4,544,000,000","4,264,000,000","4,404,000,000","4,151,000,000","4,021,000,000","4,112,000,000","3,408,000,000","3,838,000,000","3,495,000,000","3,378,000,000","3,475,000,000","4,345,000,000","4,146,000,000","4,104,000,000","3,664,000,000","3,471,000,000","3,344,000,000","3,121,000,000","3,129,000,000","3,150,000,000","3,038,000,000","3,013,000,000","2,973,000,000","2,782,000,000","2,668,000,000","2,645,000,000","2,543,000,000","2,423,000,000","2,263,000,000","2,257,000,000","2,087,000,000","2,322,000,000","2,192,000,000","2,223,000,000","2,134,000,000","2,138,000,000","2,131,000,000","2,719,000,000","2,299,000,000","2,268,000,000","2,215,000,000","2,545,000,000","1,916,000,000","1,761,000,000","1,538,000,000","1,476,000,000","1,128,000,000","847,000,000","640,000,000","638,000,000","646,000,000","612,000,000","565,000,000","575,000,000","531,000,000","358,000,000","261,000,000","261,000,000","284,000,000","205,000,000","174,000,000","172,000,000","172,900,000","174,100,000","167,300,000","137,500,000","135,100,000","136,400,000","136,000,000","125,200,000","131,100,000","129,200,000","128,800,000","129,500,000","117,200,000","107,600,000","87,200,000","89,000,000","87,000,000","92,300,000","81,300,000","72,900,000","50,000,000","55,100,000","51,000,000","34,000,000"
CostOfRevenue,"8,781,000,000","2,322,000,000","2,211,000,000","2,276,000,000","1,972,000,000","1,971,000,000","1,654,000,000","1,789,000,000","1,693,000,000","1,831,000,000","1,871,000,000","1,924,000,000","1,981,000,000","2,064,000,000","1,976,000,000","2,166,000,000","1,937,000,000","2,084,000,000","-554,000,000","2,921,000,000","2,800,000,000","2,899,000,000","2,882,000,000","2,854,000,000","2,655,000,000","2,967,000,000","2,682,000,000","3,048,000,000","3,104,000,000","3,263,000,000","3,424,000,000","3,674,000,000","3,492,000,000","3,468,000,000","3,139,000,000","3,066,000,000","3,150,000,000","3,510,000,000","3,682,000,000","3,583,000,000","3,500,000,000","3,662,000,000","3,042,000,000","3,361,000,000","3,525,000,000","3,248,000,000","3,393,000,000","3,166,000,000","3,039,000,000","3,112,000,000","2,651,000,000","2,830,000,000","2,648,000,000","2,495,000,000",,,,,,,,,,,,,,,,,,,,,,,,,,,"1,691,000,000","1,990,000,000","1,588,000,000","1,762,000,000","1,754,000,000","1,921,000,000","841,000,000","1,308,000,000","1,203,000,000","1,057,000,000","539,000,000","602,000,000","421,000,000","349,000,000","357,000,000","327,000,000","355,000,000","352,000,000","344,000,000","227,000,000","144,000,000","152,000,000","159,000,000","108,000,000","-46,000,000","84,000,000","84,000,000","86,500,000","88,300,000","59,400,000","56,500,000","58,500,000","56,300,000","54,300,000",,,,,,,,,,,,,,,,
GrossProfit,"2,577,000,000","530,000,000","559,000,000","760,000,000","728,000,000","664,000,000","906,000,000","756,000,000","524,000,000","507,000,000","560,000,000","701,000,000","502,000,000","586,000,000","646,000,000","671,000,000","600,000,000","656,000,000","490,000,000","711,000,000","670,000,000","593,000,000","662,000,000","688,000,000","574,000,000","504,000,000","718,000,000","673,000,000","754,000,000","721,000,000","708,000,000","767,000,000","819,000,000","794,000,000","644,000,000","937,000,000","918,000,000","755,000,000","940,000,000","1,004,000,000","692,000,000","1,078,000,000","1,115,000,000","1,020,000,000","1,019,000,000","1,016,000,000","1,011,000,000","985,000,000","982,000,000","1,000,000,000","757,000,000","1,008,000,000","847,000,000","883,000,000",,"4,345,000,000",,,,,"3,344,000,000",,"3,129,000,000",,,,"2,973,000,000",,"2,668,000,000",,,,,"2,257,000,000","2,087,000,000","2,322,000,000",,,,,"440,000,000","729,000,000","711,000,000","506,000,000","461,000,000","624,000,000","1,075,000,000","453,000,000","335,000,000","419,000,000","589,000,000","245,000,000","219,000,000","289,000,000","289,000,000","285,000,000","210,000,000","223,000,000","187,000,000","131,000,000","117,000,000","109,000,000","125,000,000","97,000,000","220,000,000","88,000,000","88,900,000","87,600,000","79,000,000","78,100,000","78,600,000","77,900,000","79,700,000","70,900,000",,,,,,,,,,,,,,,,
OperatingExpense,"161,000,000","52,000,000","25,000,000","39,000,000","45,000,000","46,000,000","46,000,000","41,000,000","40,000,000","38,000,000","60,000,000","41,000,000","49,000,000","46,000,000","65,000,000","43,000,000","35,000,000","56,000,000","45,000,000","67,000,000","49,000,000","54,000,000","111,000,000","40,000,000","47,000,000","48,000,000","46,000,000","45,000,000","50,000,000","55,000,000","39,000,000","45,000,000","52,000,000","51,000,000","37,000,000","63,000,000","59,000,000","61,000,000","76,000,000","64,000,000","74,000,000","87,000,000","108,000,000","91,000,000","97,000,000","95,000,000","113,000,000","98,000,000","101,000,000","82,000,000","90,000,000","82,000,000","88,000,000","85,000,000","-9,572,000,000","3,499,000,000","3,240,000,000","3,204,000,000","-7,225,000,000","2,724,000,000","2,544,000,000","2,338,000,000","2,697,000,000","2,242,000,000","2,178,000,000","2,114,000,000","2,122,000,000","1,932,000,000","2,187,000,000","1,912,000,000","1,881,000,000","1,732,000,000","1,689,000,000","1,626,000,000","1,432,000,000","1,835,000,000","1,757,000,000","1,650,000,000","3,672,000,000","1,810,000,000","87,000,000","85,000,000","33,000,000","56,000,000","46,000,000","116,000,000","598,000,000","21,000,000","19,000,000","29,000,000","313,000,000","13,000,000","15,000,000","76,000,000","63,000,000","88,000,000","42,000,000","62,000,000","86,000,000","38,000,000","28,000,000","31,000,000","54,000,000","22,000,000","151,000,000","23,000,000","26,600,000","22,500,000","18,400,000","19,500,000","21,000,000","19,700,000","17,400,000","16,900,000",,,,,,,,,,,,,,,,
	SellingGeneralAndAdministration,"161,000,000","52,000,000","25,000,000","39,000,000","45,000,000","46,000,000","46,000,000","41,000,000","40,000,000","38,000,000","60,000,000","41,000,000","49,000,000","46,000,000","58,000,000","43,000,000","35,000,000","56,000,000","60,000,000","52,000,000","49,000,000","54,000,000","59,000,000","40,000,000","47,000,000","48,000,000","46,000,000","45,000,000","50,000,000","55,000,000","39,000,000","45,000,000","52,000,000","51,000,000","37,000,000","63,000,000","59,000,000","61,000,000","76,000,000","64,000,000","74,000,000","87,000,000","108,000,000","91,000,000","97,000,000","95,000,000","113,000,000","98,000,000","101,000,000","82,000,000","90,000,000","82,000,000","88,000,000","85,000,000","84,000,000","90,000,000","98,000,000","99,000,000","115,000,000","93,000,000","88,000,000","85,000,000","125,000,000","66,000,000","59,000,000","55,000,000","78,000,000","49,000,000","45,000,000","49,000,000","52,000,000","40,000,000","42,000,000","48,000,000","60,000,000","36,000,000","32,000,000","29,000,000","44,000,000","12,000,000","28,000,000","28,000,000","33,000,000","19,000,000","46,000,000","22,000,000","16,000,000","21,000,000","19,000,000","29,000,000","27,000,000","13,000,000","15,000,000","16,000,000","14,000,000","15,000,000","12,000,000","15,000,000","20,000,000","10,000,000","6,000,000","9,000,000","12,000,000","8,000,000","6,000,000","9,000,000","10,300,000","7,700,000","6,500,000","7,500,000","9,800,000","8,900,000","6,600,000","6,300,000",,,,,,,,,,,,,,,,
		GeneralAndAdministrativeExpense,"161,000,000","52,000,000","25,000,000","39,000,000","45,000,000","46,000,000","46,000,000","41,000,000","40,000,000","38,000,000","60,000,000","41,000,000","49,000,000","46,000,000","58,000,000","43,000,000","35,000,000","56,000,000","60,000,000","52,000,000","49,000,000","54,000,000","59,000,000","40,000,000","47,000,000","48,000,000","46,000,000","45,000,000","50,000,000","55,000,000","39,000,000","45,000,000","52,000,000","51,000,000","37,000,000","63,000,000","59,000,000","61,000,000",,,,,,,,,,,,,,"82,000,000",,,,,,,,,,,,,,,,,,,,,,,,,,,,,,,,,,,,,,,,,,,,,,,,,,,,,,,,,,,,,,,,,,,,,,,,,,,,,,
			OtherGandA,"172,000,000","52,000,000","36,000,000","39,000,000","45,000,000","46,000,000","46,000,000","41,000,000","40,000,000","38,000,000","60,000,000","41,000,000","49,000,000","46,000,000","58,000,000","43,000,000","35,000,000","56,000,000","60,000,000","52,000,000","49,000,000","54,000,000","59,000,000","40,000,000","47,000,000","48,000,000","46,000,000","45,000,000","50,000,000","55,000,000","39,000,000","45,000,000","52,000,000","51,000,000","37,000,000","63,000,000","59,000,000","61,000,000",,,,,,,,,,,,,,,,,,,,,,,,,,,,,,,,,,,,,,,,,,,,,,,,,,,,,,,,,,,,,,,,,,,,,,,,,,,,,,,,,,,,,,,,,,,,
	DepreciationAmortizationDepletionIncomeStatement,,,,,,,,,,,,,,,,,,,,,,,,,,,,,,,,,,,,,,,,,,,,,,,,,,,,,,,,,,,,,,,,,,,,,,,,,,,,,,,,,,,,,,,,,,,,,,"60,000,000","48,000,000","73,000,000","30,000,000","45,000,000","61,000,000","19,000,000","19,000,000","15,000,000","22,000,000","14,000,000","145,000,000","14,000,000","16,300,000","14,800,000","11,900,000","12,000,000","11,200,000","10,800,000","10,800,000","10,600,000",,,,,,,,,,,,,,,,
	OtherOperatingExpenses,,,,,,,,,,,,,,,"-21,000,000",,,,,"15,000,000",,,"39,000,000",,,,"-26,000,000",,,"4,000,000","-37,000,000",,,,,,,,,,,,,,,,,,,,,,,,,"3,409,000,000","3,142,000,000","3,105,000,000",,"2,631,000,000","2,456,000,000","2,253,000,000","2,572,000,000","2,176,000,000","2,119,000,000","2,059,000,000","2,044,000,000","1,883,000,000","2,142,000,000","1,863,000,000","1,829,000,000","1,692,000,000","1,647,000,000","1,578,000,000","1,372,000,000","1,799,000,000","1,725,000,000","1,621,000,000","3,628,000,000","1,798,000,000","59,000,000","57,000,000","0","37,000,000",,"94,000,000",,,,,,,,,,,,"2,000,000","5,000,000","9,000,000","3,000,000","7,000,000",,,,,,,,,,,,,,,,,,,,,,,,,,,,
OperatingIncome,"2,416,000,000","478,000,000","534,000,000","721,000,000","683,000,000","618,000,000","860,000,000","715,000,000","484,000,000","469,000,000","500,000,000","660,000,000","453,000,000","540,000,000","581,000,000","628,000,000","565,000,000","600,000,000","445,000,000","644,000,000","621,000,000","539,000,000","551,000,000","648,000,000","527,000,000","456,000,000","672,000,000","628,000,000","704,000,000","666,000,000","669,000,000","722,000,000","767,000,000","743,000,000","607,000,000","874,000,000","859,000,000","694,000,000","864,000,000","940,000,000","618,000,000","991,000,000","1,007,000,000","929,000,000","922,000,000","921,000,000","898,000,000","887,000,000","881,000,000","918,000,000","667,000,000","926,000,000","759,000,000","798,000,000","684,000,000","846,000,000","906,000,000","900,000,000","710,000,000","747,000,000","800,000,000","783,000,000","432,000,000","908,000,000","860,000,000","899,000,000","851,000,000","850,000,000","481,000,000","733,000,000","662,000,000","691,000,000","574,000,000","631,000,000","655,000,000","487,000,000","435,000,000","573,000,000","-1,538,000,000","328,000,000","353,000,000","644,000,000","678,000,000","450,000,000","415,000,000","508,000,000","477,000,000","432,000,000","316,000,000","390,000,000","276,000,000","232,000,000","204,000,000","213,000,000","226,000,000","197,000,000","168,000,000","161,000,000","101,000,000","93,000,000","89,000,000","78,000,000","71,000,000","75,000,000","69,000,000","65,000,000","62,300,000","65,100,000","60,600,000","58,600,000","57,600,000","58,200,000","62,300,000","54,000,000","131,100,000","129,200,000","128,800,000","129,500,000","117,200,000","107,600,000","87,200,000","89,000,000","87,000,000","92,300,000","81,300,000","72,900,000","50,000,000","55,100,000","51,000,000","34,000,000"
NetNonOperatingInterestIncomeExpense,"-674,000,000","-183,000,000","-156,000,000","-171,000,000","-164,000,000","-122,000,000","-227,000,000","-226,000,000","-154,000,000","-163,000,000","-186,000,000","-169,000,000","-191,000,000","-186,000,000","-178,000,000","-176,000,000","-187,000,000","-205,000,000","-183,000,000","-252,000,000","-240,000,000","-251,000,000","-246,000,000","-244,000,000","-252,000,000","-234,000,000","-224,000,000","-238,000,000","-177,000,000","-273,000,000","-225,000,000","-321,000,000","-250,000,000","-310,000,000","-355,000,000","-272,000,000","-283,000,000","-311,000,000","-284,000,000","-312,000,000","-302,000,000","-325,000,000","-318,000,000","-329,000,000","-299,000,000","-256,000,000","-255,000,000","-290,000,000","-293,000,000","-284,000,000","-254,000,000","-327,000,000","-293,000,000","-293,000,000",,,,,,,,,,,,,,,,,,,,,,,,,,,,,,,,,,,,,,,,,,,,,,,,,,,,,,,,,,,,,,,,,,,,,,,,,,,,
	InterestIncomeNonOperating,"305,000,000","75,000,000","86,000,000","71,000,000","73,000,000","68,000,000","70,000,000","64,000,000","64,000,000","70,000,000","76,000,000","81,000,000","82,000,000","79,000,000","79,000,000","79,000,000","76,000,000","76,000,000","-47,000,000","101,000,000","93,000,000","97,000,000","99,000,000","110,000,000","138,000,000","130,000,000","151,000,000","150,000,000","133,000,000","90,000,000","160,000,000","69,000,000","73,000,000","63,000,000","62,000,000","85,000,000","63,000,000","66,000,000","86,000,000","89,000,000","83,000,000","91,000,000","107,000,000","103,000,000","97,000,000","95,000,000","104,000,000","97,000,000","101,000,000","109,000,000","66,000,000","94,000,000","90,000,000","98,000,000",,,,,,,,,,,,,,,,,,,,,,,,,,,,,,,,,,,,,,,,,,,,,,,,,,,,,,,,,,,,,,,,,,,,,,,,,,,,
	InterestExpenseNonOperating,"979,000,000","258,000,000","242,000,000","242,000,000","237,000,000","190,000,000","297,000,000","290,000,000","218,000,000","233,000,000","262,000,000","250,000,000","273,000,000","265,000,000","257,000,000","255,000,000","263,000,000","281,000,000","136,000,000","353,000,000","333,000,000","348,000,000","345,000,000","354,000,000","390,000,000","364,000,000","375,000,000","388,000,000","310,000,000","363,000,000","385,000,000","390,000,000","323,000,000","373,000,000","417,000,000","357,000,000","346,000,000","377,000,000","370,000,000","401,000,000","385,000,000","416,000,000","425,000,000","432,000,000","396,000,000","351,000,000","359,000,000","387,000,000","394,000,000","393,000,000","320,000,000","421,000,000","383,000,000","391,000,000",,,,,,,,,,,,,,,,,,,,,,,,,,,,,,,,,,,,,,,,,,,,,,,,,,,,,,,,,,,,,,,,,,,,,,,,,,,,
OtherIncomeExpense,"-2,551,000,000","-31,000,000","-1,907,000,000","36,000,000","-649,000,000","-487,000,000","-54,000,000","-1,005,000,000","-225,000,000","14,000,000","-209,000,000","-67,000,000","-144,000,000",,"-57,000,000","-120,000,000","-36,000,000","603,000,000","-237,000,000","-45,000,000","-141,000,000","-128,000,000","-613,000,000","-110,000,000","-297,000,000","-62,000,000","-211,000,000","-224,000,000","-143,000,000","-58,000,000","-10,000,000","205,000,000","-99,000,000","-315,000,000","-309,000,000","-216,000,000","-167,000,000","-84,000,000","11,000,000","-1,879,000,000","-115,000,000","107,000,000","-29,000,000","-372,000,000","2,000,000","38,000,000","-1,086,000,000","-216,000,000","-56,000,000","-54,000,000","35,000,000","29,000,000","120,000,000","164,000,000","-238,000,000","-19,000,000","908,000,000","68,000,000","-419,000,000","-21,000,000","258,000,000","-20,000,000","140,000,000","-606,000,000","-25,000,000","52,000,000","-47,000,000","-13,000,000","87,000,000","-2,000,000","-31,000,000","-10,000,000","-1,000,000","-6,000,000","-92,000,000","36,000,000","207,000,000","69,000,000","-686,000,000","20,000,000","-63,000,000","53,000,000","104,000,000","-34,000,000","109,000,000","37,000,000","138,000,000","103,000,000","99,000,000","118,000,000","130,000,000","-17,000,000","41,000,000","-97,000,000","63,000,000","44,000,000","43,000,000","42,000,000","47,000,000","28,000,000","14,000,000","16,000,000","19,000,000","9,000,000","2,000,000","5,000,000","4,600,000","3,100,000","3,500,000","2,300,000","3,300,000","3,200,000","2,200,000","3,300,000",,,,,,,,,,,,,,,,
	GainOnSaleOfSecurity,"6,000,000","-19,000,000","-2,000,000","29,000,000","-2,000,000","-35,000,000","35,000,000","2,000,000","-6,000,000","24,000,000","2,000,000","-87,000,000","22,000,000","-4,000,000","-28,000,000","5,000,000","-30,000,000","-19,000,000","29,000,000","21,000,000","12,000,000","-21,000,000","1,000,000","-20,000,000","-36,000,000","43,000,000","80,000,000","32,000,000","15,000,000","-23,000,000","97,000,000","283,000,000","7,000,000","-18,000,000","-6,000,000","35,000,000","3,000,000","-29,000,000","-52,000,000","22,000,000","-96,000,000","178,000,000","-16,000,000","-92,000,000","39,000,000","39,000,000",,"103,000,000","-71,000,000",,,,,,,,,,,,,,,,,,,,,,,,,,,,,,,,,,,,,,,,,,,,,,,,,,,,,,,,,,,,,,,,,,,,,,,,,,,,,,,,,
	SpecialIncomeCharges,"-2,557,000,000","-7,000,000","-1,905,000,000","6,000,000","-653,000,000","-446,000,000","-92,000,000","-1,009,000,000","-68,000,000","35,000,000","-86,000,000","20,000,000","-166,000,000","5,000,000","116,000,000","-125,000,000","-10,000,000","621,000,000","-273,000,000","-75,000,000","-157,000,000","-112,000,000","-625,000,000","-100,000,000","-263,000,000","-107,000,000","-296,000,000","-261,000,000","-163,000,000","-31,000,000","-176,000,000","-71,000,000","-108,000,000","-307,000,000","-307,000,000","-261,000,000","-171,000,000","-56,000,000","40,000,000","-1,901,000,000","-19,000,000","-71,000,000","-13,000,000","-280,000,000","-37,000,000","-1,000,000","-1,105,000,000","-319,000,000","15,000,000","-54,000,000","35,000,000","29,000,000","120,000,000","164,000,000","-962,000,000","-19,000,000","908,000,000","68,000,000","-577,000,000","-21,000,000","258,000,000","-20,000,000","140,000,000","-606,000,000","-25,000,000","52,000,000","-47,000,000","-13,000,000","87,000,000","-2,000,000","-31,000,000","-10,000,000","-1,000,000","-6,000,000","-92,000,000","36,000,000","207,000,000","69,000,000","-686,000,000","20,000,000","-63,000,000","53,000,000","104,000,000","-34,000,000","109,000,000","37,000,000","138,000,000","103,000,000","99,000,000","118,000,000","130,000,000","-17,000,000","41,000,000","-97,000,000","63,000,000","44,000,000","43,000,000","42,000,000","47,000,000","28,000,000","14,000,000","16,000,000","19,000,000","9,000,000","2,000,000","5,000,000","4,600,000","3,100,000","3,500,000","2,300,000","3,300,000","3,200,000","2,200,000","3,300,000",,,,,,,,,,,,,,,,
		RestructuringAndMergernAcquisition,"-246,000,000","0","-30,000,000","-40,000,000","-176,000,000","-36,000,000",,,,,,,,,,,,,,,,,,,,,,,,,,,,,,,,,,,,,,,,,,,,,,,,,,,,,,,,,,,,,,,,,,,,,,,,,,,,,,,,,,,,,,,,,,,,,,,,,,,,,,,,,,,,,,,,,,,,,,,,,,,,
		ImpairmentOfCapitalAssets,,,,,,,,,,,,,,,"0","0","0",,"1,000,000","15,000,000","3,000,000",,"-1,000,000",,"6,000,000",,"317,000,000","0","0","0","10,000,000","0","0","154,000,000","314,000,000","58,000,000",,,"-105,000,000","1,893,000,000","18,000,000","11,000,000","29,000,000","180,000,000","33,000,000",,"927,000,000","314,000,000","1,000,000",,"140,000,000","6,000,000","1,000,000","0",,,,,,,,,,,,,,,,,,,,,,,,,,,,,,,,,,,,,,,,,,,,,,,,,,,,,,,,,,,,,,,,,,,,,,,,,,,,
		WriteOff,"1,103,000,000","1,000,000","201,000,000","29,000,000","872,000,000","473,000,000","9,000,000","849,000,000","0","6,000,000","69,000,000","0","116,000,000",,"42,000,000","74,000,000","92,000,000","0","277,000,000","2,000,000","90,000,000","168,000,000","623,000,000","79,000,000","235,000,000","159,000,000","9,000,000","231,000,000","37,000,000","8,000,000","43,000,000","15,000,000","63,000,000","12,000,000","-27,000,000","203,000,000","0","48,000,000",,,,,,,,,,,,,,,,,,,,,,,,,,,,,,,,,,,,,,,,,,,,,,,,,,,,,,,,,,,,,,,,,,,,,,,,,,,,,,,,,,,,,,,,,,,,
		OtherSpecialCharges,"32,000,000","3,000,000","-9,000,000","22,000,000","18,000,000","1,000,000","107,000,000","66,000,000","40,000,000","1,000,000","33,000,000","-9,000,000","38,000,000","-14,000,000","1,000,000","10,000,000","4,000,000","165,000,000","16,000,000","43,000,000","7,000,000","-84,000,000","-8,000,000","9,000,000","-3,000,000","-10,000,000","-3,000,000","15,000,000","124,000,000","23,000,000","76,000,000","47,000,000","-3,000,000","134,000,000","8,000,000","-10,000,000","165,000,000","-6,000,000","-101,000,000","8,000,000","1,000,000","60,000,000","-16,000,000","100,000,000","4,000,000","1,000,000","178,000,000","5,000,000","-16,000,000",,"-175,000,000","-35,000,000","-121,000,000","-164,000,000",,,,,,,,,,,,,,,,,,,,,,,,,,,,,,,,,,,,,,,,,,,,,,,,,,,,,,,,,,,,,,,,,,,,,,,,,,,,
		GainOnSaleOfBusiness,"-1,677,000,000","1,000,000","-1,764,000,000","22,000,000","64,000,000","-5,000,000","22,000,000","-90,000,000","-27,000,000","0","19,000,000","16,000,000","-3,000,000","-4,000,000","128,000,000","-21,000,000","89,000,000","788,000,000","-3,000,000","-1,000,000","-48,000,000","0","-1,000,000",,"-17,000,000","47,000,000","6,000,000",,,,,,,,,,,,,,,,,,,,,,,,,,,,,,,,,,,,,,,,,,,,,,,,,,,,,,,,,,,,,,,,,,,,,,,,,,,,,,,,,,,,,,,,,,,,,,,,,,,,,,,
		GainOnSaleOfPPE,"9,000,000","-4,000,000","21,000,000","-5,000,000","-3,000,000","-3,000,000","2,000,000","-4,000,000","-1,000,000","42,000,000","-3,000,000","-5,000,000","-9,000,000","-5,000,000","-1,000,000","-20,000,000","-3,000,000","-2,000,000","24,000,000","-14,000,000","-9,000,000","-28,000,000","-10,000,000","-12,000,000","-8,000,000","-5,000,000","-2,000,000","-15,000,000","-2,000,000",,"-47,000,000","-9,000,000","-48,000,000","-7,000,000","-12,000,000","-10,000,000","-6,000,000","-14,000,000",,,,,,,,,,,,,,,,,,,,,,,,,,,,,,,,,,,,,,,,,,,,,,,,,,,,,,,,,,,,,,,,,,,,,,,,,,,,,,,,,,,,,,,,,,,,
	OtherNonOperatingIncomeExpenses,"0","-5,000,000","0","1,000,000","6,000,000","-6,000,000","3,000,000","2,000,000","-151,000,000","-45,000,000","-125,000,000",,,"-1,000,000","-145,000,000",,"4,000,000","1,000,000","7,000,000","9,000,000","4,000,000","5,000,000","11,000,000","10,000,000","2,000,000","2,000,000","5,000,000","5,000,000","5,000,000","-4,000,000","69,000,000","-7,000,000","2,000,000","10,000,000","4,000,000","10,000,000","1,000,000","1,000,000",,,,,,,,,,,,,,,,,,,,,,,,,,,,,,,,,,,,,,,,,,,,,,,,,,,,,,,,,,,,,,,,,,,,,,,,,,,,,,,,,,,,,,,,,,,,
PretaxIncome,"-809,000,000","264,000,000","-1,529,000,000","586,000,000","-130,000,000","9,000,000","579,000,000","-516,000,000","105,000,000","320,000,000","105,000,000","424,000,000","118,000,000","354,000,000","346,000,000","332,000,000","342,000,000","998,000,000","25,000,000","347,000,000","240,000,000","160,000,000","-308,000,000","294,000,000","-22,000,000","160,000,000","237,000,000","166,000,000","384,000,000","335,000,000","434,000,000","606,000,000","418,000,000","118,000,000","-57,000,000","386,000,000","409,000,000","299,000,000","591,000,000","-1,251,000,000","201,000,000","773,000,000","660,000,000","228,000,000","625,000,000","703,000,000","-443,000,000","381,000,000","532,000,000","580,000,000","461,000,000","627,000,000","586,000,000","669,000,000","744,000,000","313,000,000","1,220,000,000","474,000,000","531,000,000","237,000,000","553,000,000","300,000,000","106,000,000","-279,000,000","317,000,000","546,000,000","272,000,000","387,000,000","167,000,000","259,000,000","140,000,000","211,000,000","126,000,000","138,000,000","155,000,000","66,000,000","99,000,000","113,000,000","-2,635,000,000","-145,000,000","-107,000,000","298,000,000","356,000,000","5,000,000","173,000,000","163,000,000","307,000,000","186,000,000","154,000,000","252,000,000","185,000,000","85,000,000","105,000,000","-19,000,000","138,000,000","109,000,000","107,000,000","98,000,000","62,000,000","65,000,000","61,000,000","56,000,000","49,000,000","48,000,000","44,000,000","44,000,000","42,400,000","42,100,000","41,200,000","38,300,000","37,000,000","37,100,000","37,700,000","30,000,000",,,,,,,,,,,,,,,,
TaxProvision,"-81,000,000","60,000,000","-208,000,000","126,000,000","-59,000,000","8,000,000","161,000,000","-147,000,000","113,000,000","89,000,000","50,000,000","130,000,000","57,000,000","115,000,000","199,000,000","146,000,000","132,000,000","231,000,000","720,000,000","110,000,000","92,000,000","69,000,000","-353,000,000","75,000,000","-7,000,000","92,000,000","204,000,000","45,000,000","120,000,000","96,000,000","116,000,000","92,000,000","157,000,000","54,000,000","58,000,000","126,000,000","81,000,000","82,000,000","189,000,000","176,000,000","76,000,000","267,000,000","167,000,000","84,000,000","178,000,000","218,000,000","-255,000,000","111,000,000","255,000,000","196,000,000","114,000,000","205,000,000","105,000,000","175,000,000","49,000,000","168,000,000","317,000,000","240,000,000","84,000,000","146,000,000","274,000,000","181,000,000","33,000,000","74,000,000","106,000,000","195,000,000","93,000,000","143,000,000","82,000,000","126,000,000","48,000,000","78,000,000","59,000,000","64,000,000","66,000,000","20,000,000","34,000,000","40,000,000","-69,000,000","-46,000,000","-9,000,000","106,000,000","110,000,000","2,000,000","61,000,000","57,000,000","86,000,000","52,000,000","43,000,000","71,000,000","56,000,000","27,000,000","34,000,000","-6,000,000","46,000,000","30,000,000","36,000,000","33,000,000","6,000,000","15,000,000","19,000,000","16,000,000","13,000,000","16,000,000","16,000,000","15,000,000","14,000,000","14,800,000","14,700,000","13,500,000","10,800,000","11,500,000","12,100,000","9,100,000",,,,,,,,,,,,,,,,
EarningsFromEquityInterestNetOfTax,"-27,000,000","-33,000,000","-9,000,000","25,000,000","-10,000,000","-30,000,000","-17,000,000","-112,000,000","8,000,000","-2,000,000","-175,000,000","4,000,000","5,000,000","-6,000,000","8,000,000","6,000,000","14,000,000","11,000,000","38,000,000","24,000,000","2,000,000","7,000,000","11,000,000","11,000,000","7,000,000","6,000,000","8,000,000","82,000,000","0","15,000,000","-20,000,000","-6,000,000","20,000,000","25,000,000","4,000,000","15,000,000","2,000,000","4,000,000","-14,000,000","24,000,000","11,000,000","13,000,000","-14,000,000","6,000,000","-3,000,000","10,000,000","9,000,000","26,000,000","134,000,000","14,000,000","17,000,000","18,000,000","50,000,000","7,000,000",,,,,,,,,,,,,,,,,,,,,,,,,,,,,,,,,,,,,,,,,,,,,,,,,,,,,,,,,,,,,,,,,,,,,,,,,,,,
NetIncomeCommonStockholders,"-146,000,000","115,000,000","-632,000,000","343,000,000","28,000,000","-148,000,000","318,000,000","-333,000,000","-83,000,000","144,000,000","-78,000,000","210,000,000","17,000,000","154,000,000","128,000,000","101,000,000","290,000,000","684,000,000","-1,342,000,000","152,000,000","53,000,000","-24,000,000","-949,000,000","175,000,000","-482,000,000","126,000,000","-85,000,000","180,000,000","69,000,000","142,000,000","206,000,000","488,000,000","133,000,000","-58,000,000","-206,000,000","71,000,000","167,000,000","82,000,000","175,000,000","-1,568,000,000","140,000,000","341,000,000","-209,000,000","-131,000,000","174,000,000","224,000,000","-436,000,000","114,000,000","144,000,000","187,000,000","-48,000,000","185,000,000","303,000,000","218,000,000","-47,000,000","145,000,000","903,000,000","233,000,000","17,000,000","103,000,000","247,000,000","-455,000,000","81,000,000","-340,000,000","169,000,000","351,000,000","177,000,000","244,000,000","85,000,000","133,000,000","160,000,000","140,000,000","38,000,000","48,000,000","-444,000,000","76,000,000","-129,000,000","93,000,000","-2,765,000,000","-314,000,000","-115,000,000","-313,000,000","52,000,000","3,000,000","112,000,000","106,000,000","221,000,000","134,000,000","111,000,000","174,000,000","112,000,000","58,000,000","71,000,000","-13,000,000","94,000,000","81,000,000","71,000,000","65,000,000","56,000,000","47,000,000","42,000,000","40,000,000","36,000,000","32,000,000","28,000,000","29,000,000","28,400,000","27,300,000","26,500,000","24,800,000","24,100,000","25,600,000","25,600,000","24,800,000","5,300,000","23,100,000","21,800,000","21,100,000","15,200,000","16,700,000","11,900,000","12,000,000","10,400,000","13,600,000","10,000,000","8,700,000","3,300,000","5,900,000","4,400,000","1,900,000"
	NetIncome,"-146,000,000","115,000,000","-632,000,000","343,000,000","28,000,000","-148,000,000","318,000,000","-333,000,000","-83,000,000","144,000,000","-78,000,000","210,000,000","17,000,000","154,000,000","128,000,000","101,000,000","290,000,000","684,000,000","-1,342,000,000","152,000,000","53,000,000","-24,000,000","-949,000,000","175,000,000","-482,000,000","126,000,000","-85,000,000","180,000,000","69,000,000","142,000,000","206,000,000","488,000,000","133,000,000","-58,000,000","-206,000,000","71,000,000","167,000,000","82,000,000","175,000,000","-1,568,000,000","140,000,000","341,000,000","-209,000,000","-131,000,000","174,000,000","224,000,000","-436,000,000","114,000,000","144,000,000","187,000,000","-48,000,000","185,000,000","303,000,000","218,000,000","-47,000,000","145,000,000","903,000,000","233,000,000","17,000,000","103,000,000","247,000,000","-455,000,000","81,000,000","-340,000,000","169,000,000","351,000,000","177,000,000","244,000,000","85,000,000","133,000,000","160,000,000","140,000,000","38,000,000","48,000,000","-444,000,000","76,000,000","-129,000,000","93,000,000","-2,765,000,000","-314,000,000","-115,000,000","-313,000,000","52,000,000","3,000,000","112,000,000","106,000,000","221,000,000","134,000,000","111,000,000","174,000,000","112,000,000","58,000,000","71,000,000","-13,000,000","94,000,000","81,000,000","71,000,000","65,000,000","56,000,000","47,000,000","42,000,000","40,000,000","36,000,000","32,000,000","28,000,000","29,000,000","28,400,000","27,300,000","26,500,000","24,800,000","24,100,000","25,600,000","25,600,000","24,800,000","5,300,000","23,100,000","21,800,000","21,100,000","15,200,000","16,700,000","11,900,000","12,000,000","10,400,000","13,600,000","10,000,000","8,700,000","3,300,000","5,900,000","4,400,000","1,900,000"
		NetIncomeIncludingNoncontrollingInterests,"-751,000,000","171,000,000","-1,330,000,000","485,000,000","-77,000,000","-29,000,000","401,000,000","-481,000,000","3,000,000","229,000,000","-120,000,000","298,000,000","67,000,000","233,000,000","181,000,000","191,000,000","416,000,000","777,000,000","-1,286,000,000","261,000,000","150,000,000","98,000,000","-693,000,000","229,000,000","-387,000,000","74,000,000","41,000,000","203,000,000","264,000,000","254,000,000","298,000,000","508,000,000","275,000,000","66,000,000","-204,000,000","223,000,000","333,000,000","199,000,000","323,000,000","-1,402,000,000","207,000,000","515,000,000","445,000,000","175,000,000","427,000,000","483,000,000","-169,000,000","397,000,000","429,000,000","402,000,000","283,000,000","440,000,000","531,000,000","501,000,000","-693,000,000","358,000,000","1,160,000,000","409,000,000","-517,000,000","266,000,000","482,000,000","-314,000,000","225,000,000","-128,000,000","335,000,000","438,000,000","316,000,000","341,000,000","104,000,000","224,000,000","255,000,000","192,000,000","97,000,000","111,000,000","-422,000,000","111,000,000","-107,000,000","124,000,000","-2,788,000,000","-294,000,000","-136,000,000","-325,000,000","90,000,000","11,000,000","139,000,000","138,000,000","274,000,000","166,000,000","128,000,000","192,000,000","133,000,000","69,000,000","85,000,000","5,000,000","126,000,000","103,000,000","93,000,000","83,000,000","65,000,000","51,000,000","46,000,000","42,000,000","38,000,000","36,000,000","29,000,000","30,000,000","31,200,000","28,500,000","25,800,000","25,600,000","24,500,000","26,200,000","26,700,000","25,500,000","5,300,000","23,100,000","21,800,000","21,100,000","15,200,000","16,700,000","11,900,000","12,000,000","10,400,000","13,600,000","10,000,000","8,700,000","3,300,000","5,900,000","4,400,000","1,900,000"
			NetIncomeContinuousOperations,"-755,000,000","171,000,000","-1,330,000,000","485,000,000","-81,000,000","-29,000,000","401,000,000","-481,000,000","0","229,000,000","-120,000,000","298,000,000","66,000,000","233,000,000","155,000,000","192,000,000","224,000,000","778,000,000","-657,000,000","261,000,000","150,000,000","98,000,000","56,000,000","230,000,000","-8,000,000","74,000,000","41,000,000","203,000,000","264,000,000","254,000,000","298,000,000","508,000,000","281,000,000","89,000,000","-111,000,000","275,000,000","330,000,000","221,000,000","388,000,000","-1,403,000,000","136,000,000","519,000,000","479,000,000","150,000,000","444,000,000","495,000,000","-179,000,000","296,000,000","411,000,000","398,000,000","364,000,000","440,000,000","531,000,000","501,000,000","-66,000,000","145,000,000","903,000,000","234,000,000","13,000,000","91,000,000","279,000,000","119,000,000","73,000,000","-353,000,000","211,000,000","351,000,000","179,000,000","244,000,000","85,000,000","133,000,000","92,000,000","133,000,000","67,000,000","74,000,000","89,000,000","46,000,000","65,000,000","73,000,000","-2,566,000,000","-99,000,000","-98,000,000","192,000,000","246,000,000","3,000,000","112,000,000","106,000,000","221,000,000","134,000,000","111,000,000","181,000,000","129,000,000","58,000,000","71,000,000","-13,000,000","92,000,000","79,000,000","71,000,000","65,000,000","56,000,000","50,000,000","42,000,000","40,000,000","36,000,000","32,000,000","28,000,000","29,000,000","28,400,000","27,300,000","26,500,000","24,800,000","26,200,000","25,600,000","25,600,000","20,900,000","5,300,000","23,100,000","21,800,000","21,100,000","15,200,000","16,700,000","11,900,000","12,000,000","10,400,000","13,600,000","10,000,000","8,700,000","3,300,000","5,900,000","4,400,000","1,900,000"
			NetIncomeDiscontinuousOperations,,,"0","0","4,000,000",,"0","0","3,000,000",,"0","0","1,000,000","0","26,000,000","-1,000,000","192,000,000","-1,000,000","-629,000,000","0","0","0","-749,000,000","-1,000,000","-379,000,000",,"0","0","0","0","0","0","-6,000,000","-23,000,000","-93,000,000","-52,000,000","3,000,000","-22,000,000","-65,000,000","1,000,000","71,000,000","-4,000,000","-34,000,000","25,000,000","-17,000,000","-12,000,000","10,000,000","101,000,000","18,000,000","4,000,000","-81,000,000","0","0","0","19,000,000",,,"-1,000,000","4,000,000","12,000,000","-32,000,000","-574,000,000","8,000,000","13,000,000","-63,000,000",,,,,,"68,000,000","7,000,000","-29,000,000","-26,000,000","-576,000,000","30,000,000","-194,000,000","22,000,000","-200,000,000","-215,000,000","-144,000,000","-32,000,000",,,,,,,,,,,,,,,,,,,,,,,,,,,,,,,,,,,,,,,,,,,,,,,,
			NetIncomeExtraordinary,,,,,,,,,,,,,,,,,,,,,,,,,,,,,,,,,,,,,,,,,,,,,,,,,,,,,,,,,,,,,,,"0",,"21,000,000",,,,,,,,,,"43,000,000",,,"-2,000,000","1,000,000",,"127,000,000","-473,000,000",,,,,,,,,,,,,,,,,,,,,,,,,,,,,,,,,,,,,,,,,,,,,,,,
			NetIncomeFromTaxLossCarryforward,,,,,,,,,,,,,,,,,,,,,,,,,,,,,,,,,,,,,,,,,,,,,,,,,,,,,,,,,,,,,,,,,,,,,,,,,,,,,,,,,,,,,,,"0",,,"-7,000,000",,,,,"2,000,000","2,000,000",,,"0","-3,000,000",,,,,,,,,,,"-2,100,000",,,"3,900,000",,,,,,,,,,,,,,,,
		MinorityInterests,"605,000,000","-56,000,000","698,000,000","-142,000,000","105,000,000","-119,000,000","-83,000,000","148,000,000","-86,000,000","-85,000,000","42,000,000","-88,000,000","-50,000,000","-79,000,000","-53,000,000","-90,000,000","-126,000,000","-93,000,000","-56,000,000","-109,000,000","-97,000,000","-122,000,000","-256,000,000","-54,000,000","-95,000,000","52,000,000","-126,000,000","-23,000,000","-195,000,000","-112,000,000","-92,000,000","-20,000,000","-142,000,000","-124,000,000","-2,000,000","-152,000,000","-166,000,000","-117,000,000","-148,000,000","-166,000,000","-67,000,000","-174,000,000","-654,000,000","-306,000,000","-253,000,000","-259,000,000","-267,000,000","-283,000,000","-285,000,000","-215,000,000","-331,000,000","-255,000,000","-228,000,000","-283,000,000",,"-213,000,000","-257,000,000","-176,000,000",,"-163,000,000","-235,000,000","-141,000,000","-144,000,000","-212,000,000","-166,000,000","-87,000,000","-139,000,000","-97,000,000","-19,000,000","-91,000,000","-95,000,000","-52,000,000","-59,000,000","-63,000,000","-22,000,000","-35,000,000","-22,000,000","-31,000,000","23,000,000","-20,000,000","21,000,000","12,000,000","-38,000,000","-8,000,000","-27,000,000","-32,000,000","-53,000,000","-32,000,000","-17,000,000","-18,000,000","-21,000,000","-11,000,000","-14,000,000","-18,000,000","-32,000,000","-22,000,000","-22,000,000","-18,000,000","-9,000,000","-4,000,000","-4,000,000","-2,000,000","-2,000,000","-4,000,000","-1,000,000","-1,000,000","-2,800,000","-1,200,000","700,000","-800,000","-400,000","-600,000","-1,100,000","-700,000",,,,,,,,,,,,,,,,
DilutedNIAvailtoComStockholders,"-146,000,000","115,000,000","-632,000,000","343,000,000","28,000,000","-148,000,000","318,000,000","-333,000,000","-83,000,000","144,000,000","-78,000,000","210,000,000","17,000,000","154,000,000","128,000,000","101,000,000","290,000,000","684,000,000","-1,342,000,000","152,000,000","53,000,000","-24,000,000","-949,000,000","175,000,000","-482,000,000","126,000,000","-85,000,000","180,000,000","69,000,000","142,000,000","206,000,000","488,000,000","133,000,000","-58,000,000","-206,000,000","71,000,000","167,000,000","82,000,000","175,000,000","-1,568,000,000","140,000,000","341,000,000","-209,000,000","-131,000,000","174,000,000","224,000,000","-436,000,000","114,000,000","144,000,000","187,000,000","-48,000,000","185,000,000","303,000,000","218,000,000","-43,000,000","145,000,000","903,000,000","233,000,000","17,000,000","103,000,000","247,000,000","-455,000,000","81,000,000","-340,000,000","169,000,000","351,000,000","177,000,000","244,000,000","85,000,000","133,000,000","160,000,000","140,000,000","38,000,000","48,000,000","-444,000,000","76,000,000","-129,000,000","93,000,000","-2,765,000,000","-314,000,000","-115,000,000","-313,000,000","52,000,000","3,000,000","112,000,000","106,000,000","221,000,000","134,000,000","111,000,000","174,000,000","112,000,000","58,000,000","71,000,000","-13,000,000","94,000,000","81,000,000","71,000,000","65,000,000","56,000,000","47,000,000","42,000,000","40,000,000","36,000,000","32,000,000","28,000,000","29,000,000","28,400,000","27,300,000","26,500,000","24,800,000","24,100,000","25,600,000","25,600,000","24,800,000","5,300,000","23,100,000","21,800,000","21,100,000","15,200,000","16,700,000","11,900,000","12,000,000","10,400,000","13,600,000","10,000,000","8,700,000","3,300,000","5,900,000","4,400,000","1,900,000"
TotalOperatingIncomeAsReported,,,,,,,,,,,,,,,,,,,,,,,,,,,,,,,,,,,,,,,,,,,,,,,,,,,,,,,,"846,000,000",,,,,"800,000,000",,"432,000,000",,,,"851,000,000",,"481,000,000",,,,,"631,000,000","655,000,000","487,000,000",,,,,"353,000,000",,,,,,"477,000,000",,,,,,,,,"197,000,000",,,,,,,,"75,000,000",,,,,,,,,,,,,,,,,,,,,,,,,,
TotalExpenses,"8,942,000,000","2,374,000,000","2,236,000,000","2,315,000,000","2,017,000,000","2,017,000,000","1,700,000,000","1,830,000,000","1,733,000,000","1,869,000,000","1,931,000,000","1,965,000,000","2,030,000,000","2,110,000,000","2,041,000,000","2,209,000,000","1,972,000,000","2,140,000,000","-509,000,000","2,988,000,000","2,849,000,000","2,953,000,000","2,993,000,000","2,894,000,000","2,702,000,000","3,015,000,000","2,728,000,000","3,093,000,000","3,154,000,000","3,318,000,000","3,463,000,000","3,719,000,000","3,544,000,000","3,519,000,000","3,176,000,000","3,129,000,000","3,209,000,000","3,571,000,000","3,758,000,000","3,647,000,000","3,574,000,000","3,749,000,000","3,150,000,000","3,452,000,000","3,622,000,000","3,343,000,000","3,506,000,000","3,264,000,000","3,140,000,000","3,194,000,000","2,741,000,000","2,912,000,000","2,736,000,000","2,580,000,000","2,791,000,000","3,499,000,000","3,240,000,000","3,204,000,000","2,954,000,000","2,724,000,000","2,544,000,000","2,338,000,000","2,697,000,000","2,242,000,000","2,178,000,000","2,114,000,000","2,122,000,000","1,932,000,000","2,187,000,000","1,912,000,000","1,881,000,000","1,732,000,000","1,689,000,000","1,626,000,000","1,432,000,000","1,835,000,000","1,757,000,000","1,650,000,000","3,672,000,000","1,810,000,000","1,778,000,000","2,075,000,000","1,621,000,000","1,818,000,000","1,800,000,000","2,037,000,000","1,439,000,000","1,329,000,000","1,222,000,000","1,086,000,000","852,000,000","615,000,000","436,000,000","425,000,000","420,000,000","415,000,000","397,000,000","414,000,000","430,000,000","265,000,000","172,000,000","183,000,000","213,000,000","130,000,000","105,000,000","107,000,000","110,600,000","109,000,000","106,700,000","78,900,000","77,500,000","78,200,000","73,700,000","71,200,000",,,,,,,,,,,,,,,,
NetIncomeFromContinuingAndDiscontinuedOperation,"-146,000,000","115,000,000","-632,000,000","343,000,000","28,000,000","-148,000,000","318,000,000","-333,000,000","-83,000,000","144,000,000","-78,000,000","210,000,000","17,000,000","154,000,000","128,000,000","101,000,000","290,000,000","684,000,000","-1,342,000,000","152,000,000","53,000,000","-24,000,000","-949,000,000","175,000,000","-482,000,000","126,000,000","-85,000,000","180,000,000","69,000,000","142,000,000","206,000,000","488,000,000","133,000,000","-58,000,000","-206,000,000","71,000,000","167,000,000","82,000,000","175,000,000","-1,568,000,000","140,000,000","341,000,000","-209,000,000","-131,000,000","174,000,000","224,000,000","-436,000,000","114,000,000","144,000,000","187,000,000","-48,000,000","185,000,000","303,000,000","218,000,000","-47,000,000","145,000,000","903,000,000","233,000,000","17,000,000","103,000,000","247,000,000","-455,000,000","81,000,000","-340,000,000","148,000,000","351,000,000","179,000,000","244,000,000","85,000,000","133,000,000","160,000,000","140,000,000","38,000,000","48,000,000","-487,000,000","76,000,000","-129,000,000","95,000,000","-2,766,000,000","-314,000,000","-242,000,000","160,000,000","52,000,000","3,000,000","112,000,000","106,000,000","221,000,000","134,000,000","111,000,000","181,000,000","129,000,000","58,000,000","71,000,000","-13,000,000","92,000,000","79,000,000","71,000,000","65,000,000","56,000,000","50,000,000","42,000,000","40,000,000","36,000,000","32,000,000","28,000,000","29,000,000","28,400,000","27,300,000","26,500,000","24,800,000","26,200,000","25,600,000","25,600,000","20,900,000","5,300,000","23,100,000","21,800,000","21,100,000","15,200,000","16,700,000","11,900,000","12,000,000","10,400,000","13,600,000","10,000,000","8,700,000","3,300,000","5,900,000","4,400,000","1,900,000"
NormalizedIncome,"2,145,584,672.435","135,020,000","1,015,578,155.657","315,700,000","502,150,000","203,130,000","359,150,259.067","392,040,000","-31,980,000","101,520,000","-16,680,000","256,230,000","121,120,000","153,320,000","37,760,000","189,600,000","122,400,000","221,460,000","-566,600,000","188,720,000","142,900,000","55,800,000","174,400,000","264,800,000","100,320,000","164,400,000","44,600,000","347,170,000","171,120,000","180,340,000","263,884,792.627","307,800,000","201,620,000","176,250,000","90,450,000","274,420,000","298,400,000","166,050,000","248,162,436.548","-347,650,000","140,517,412.935","274,958,602.846","-153,337,878.788","78,947,368.421","189,569,600","209,783,783.784","259,900,000","166,070,866.142","162,400,000","218,751,724.138","6,655,097.614","165,481,658.692","204,501,706.485","96,899,850.523","156,325,268.817","157,350,000","230,931,147.541","189,800,000","365,717,514.124","104,650,000","111,300,000","132,000,000","-23,415,094.34","10,600,000","227,640,378.549","317,571,428.571","209,930,147.059","252,196,382.429","32,800,000","134,200,000","112,371,428.571","139,303,317.536","67,600,000","77,600,000","144,200,000","20,909,090.909","-70,909,090.909","28,424,778.761","-1,897,963,567.362","-112,655,172.414","-40,299,065.421","157,852,348.993","174,134,831.461","23,400,000","41,433,526.012","81,938,650.307","121,657,980.456","59,795,698.925","39,642,857.143","96,246,031.746","38,351,351.351","69,600,000","43,276,190.476","53,368,421.053","50,000,000","47,110,091.743","42,467,289.72","37,142,857.143","13,548,387.097","28,461,538.462","32,360,655.738","28,571,428.571","22,040,816.327","26,000,000","26,727,272.727","25,704,545.455","25,318,867.925","25,289,786.223","24,248,786.408","23,310,704.961","23,863,243.243","23,391,913.747","24,106,100.796","18,601,000","5,300,000","23,100,000","21,800,000","21,100,000","15,200,000","16,700,000","11,900,000","12,000,000","10,400,000","13,600,000","10,000,000","8,700,000","3,300,000","5,900,000","4,400,000","1,900,000"
InterestIncome,"305,000,000","75,000,000","86,000,000","71,000,000","73,000,000","68,000,000","70,000,000","64,000,000","64,000,000","70,000,000","76,000,000","81,000,000","82,000,000","79,000,000","79,000,000","79,000,000","76,000,000","76,000,000","-47,000,000","101,000,000","93,000,000","97,000,000","99,000,000","110,000,000","138,000,000","130,000,000","151,000,000","150,000,000","133,000,000","90,000,000","160,000,000","69,000,000","73,000,000","63,000,000","62,000,000","85,000,000","63,000,000","66,000,000","86,000,000","89,000,000","83,000,000","91,000,000","107,000,000","103,000,000","97,000,000","95,000,000","104,000,000","97,000,000","101,000,000","109,000,000","66,000,000","94,000,000","90,000,000","98,000,000",,"157,000,000",,,,,"141,000,000",,"118,000,000",,,,"111,000,000",,"93,000,000",,,,,"69,000,000","65,000,000","82,000,000",,,,,"110,000,000",,,,,,"97,000,000",,,,,,,,,"16,000,000",,,,,,,,"6,000,000",,,,,,,,,,,,,,,,,,,,,,,,,,
InterestExpense,"979,000,000","258,000,000","242,000,000","242,000,000","237,000,000","190,000,000","297,000,000","290,000,000","218,000,000","233,000,000","262,000,000","250,000,000","273,000,000","265,000,000","257,000,000","255,000,000","263,000,000","281,000,000","136,000,000","353,000,000","333,000,000","348,000,000","345,000,000","354,000,000","390,000,000","364,000,000","375,000,000","388,000,000","310,000,000","363,000,000","385,000,000","390,000,000","323,000,000","373,000,000","417,000,000","357,000,000","346,000,000","377,000,000","370,000,000","401,000,000","385,000,000","416,000,000","425,000,000","432,000,000","396,000,000","351,000,000","359,000,000","387,000,000","394,000,000","393,000,000","320,000,000","421,000,000","383,000,000","391,000,000",,"458,000,000",,,,,"411,000,000",,"440,000,000",,,,"504,000,000",,"475,000,000",,,,,"493,000,000","451,000,000","504,000,000",,,,,"528,000,000",,,,,,"352,000,000",,,,,,,,,"126,000,000",,,,,,,,"38,000,000",,,,,,,,,,,,,,,,,,,,,,,,,,
NetInterestIncome,"-674,000,000","-183,000,000","-156,000,000","-171,000,000","-164,000,000","-122,000,000","-227,000,000","-226,000,000","-154,000,000","-163,000,000","-186,000,000","-169,000,000","-191,000,000","-186,000,000","-178,000,000","-176,000,000","-187,000,000","-205,000,000","-183,000,000","-252,000,000","-240,000,000","-251,000,000","-246,000,000","-244,000,000","-252,000,000","-234,000,000","-224,000,000","-238,000,000","-177,000,000","-273,000,000","-225,000,000","-321,000,000","-250,000,000","-310,000,000","-355,000,000","-272,000,000","-283,000,000","-311,000,000","-284,000,000","-312,000,000","-302,000,000","-325,000,000","-318,000,000","-329,000,000","-299,000,000","-256,000,000","-255,000,000","-290,000,000","-293,000,000","-284,000,000","-254,000,000","-327,000,000","-293,000,000","-293,000,000",,"-301,000,000",,,,,"-270,000,000",,"-322,000,000",,,,"-393,000,000",,"-382,000,000",,,,,"-424,000,000","-386,000,000","-422,000,000",,,,,"-418,000,000",,,,,,"-255,000,000",,,,,,,,,"-110,000,000",,,,,,,,"-32,000,000",,,,,,,,,,,,,,,,,,,,,,,,,,
EBIT,"170,000,000","522,000,000","-1,287,000,000","828,000,000","107,000,000","199,000,000","876,000,000","-226,000,000","323,000,000","553,000,000","367,000,000","674,000,000","391,000,000","619,000,000","603,000,000","587,000,000","605,000,000","1,279,000,000","161,000,000","700,000,000","573,000,000","508,000,000","37,000,000","648,000,000","368,000,000","524,000,000","612,000,000","554,000,000","694,000,000","698,000,000","819,000,000","996,000,000","741,000,000","491,000,000","360,000,000","743,000,000","755,000,000","676,000,000","961,000,000","-850,000,000","586,000,000","1,189,000,000","1,085,000,000","660,000,000","1,021,000,000","1,054,000,000","-84,000,000","768,000,000","926,000,000","973,000,000","781,000,000","1,048,000,000","969,000,000","1,060,000,000","1,943,000,000","846,000,000","906,000,000","900,000,000","1,082,000,000","747,000,000","800,000,000","783,000,000","432,000,000","908,000,000","860,000,000","899,000,000","851,000,000","850,000,000","481,000,000","733,000,000","662,000,000","691,000,000","574,000,000","631,000,000","655,000,000","487,000,000","435,000,000","573,000,000","-1,538,000,000","328,000,000","353,000,000","644,000,000","678,000,000","450,000,000","415,000,000","508,000,000","477,000,000","432,000,000","316,000,000","390,000,000","276,000,000","232,000,000","204,000,000","213,000,000","226,000,000","197,000,000","168,000,000","161,000,000","101,000,000","93,000,000","89,000,000","78,000,000","71,000,000","75,000,000","69,000,000","65,000,000","62,300,000","65,100,000","60,600,000","58,600,000","57,600,000","58,200,000","62,300,000","54,000,000","131,100,000","129,200,000","128,800,000","129,500,000","117,200,000","107,600,000","87,200,000","89,000,000","87,000,000","92,300,000","81,300,000","72,900,000","50,000,000","55,100,000","51,000,000","34,000,000"
EBITDA,"1,221,000,000"
ReconciledCostOfRevenue,"8,781,000,000","2,322,000,000","2,211,000,000","2,276,000,000","1,972,000,000","1,971,000,000","1,654,000,000","1,789,000,000","1,693,000,000","1,831,000,000","1,871,000,000","1,924,000,000","1,981,000,000","2,064,000,000","1,976,000,000","2,166,000,000","1,937,000,000","2,084,000,000","-554,000,000","2,921,000,000","2,800,000,000","2,899,000,000","2,882,000,000","2,854,000,000","2,655,000,000","2,967,000,000","2,682,000,000","3,048,000,000","3,104,000,000","3,263,000,000","3,424,000,000","3,674,000,000","3,492,000,000","3,468,000,000","3,139,000,000","3,066,000,000","3,150,000,000","3,510,000,000","3,682,000,000","3,583,000,000","3,500,000,000","3,662,000,000","3,042,000,000","3,361,000,000","3,525,000,000","3,248,000,000","3,393,000,000","3,166,000,000","3,039,000,000","3,112,000,000","2,651,000,000","2,830,000,000","2,648,000,000","2,495,000,000",,,,,,,,,,,,,,,,,,,,,,,,,,,"1,691,000,000","1,990,000,000","1,588,000,000","1,762,000,000","1,754,000,000","1,921,000,000","841,000,000","1,308,000,000","1,203,000,000","1,057,000,000","539,000,000","602,000,000","421,000,000","349,000,000","357,000,000","327,000,000","355,000,000","352,000,000","344,000,000","227,000,000","144,000,000","152,000,000","159,000,000","108,000,000","-46,000,000","84,000,000","84,000,000","86,500,000","88,300,000","59,400,000","56,500,000","58,500,000","56,300,000","54,300,000",,,,,,,,,,,,,,,,
ReconciledDepreciation,"1,051,000,000","270,000,000","261,000,000","257,000,000","263,000,000","275,000,000","265,000,000","264,000,000","271,000,000","268,000,000","271,000,000","262,000,000","266,000,000","246,000,000","233,000,000","258,000,000","258,000,000","254,000,000","285,000,000","303,000,000","290,000,000","291,000,000","299,000,000","291,000,000","296,000,000","290,000,000","264,000,000","283,000,000","299,000,000","298,000,000","308,000,000","312,000,000","319,000,000","306,000,000","312,000,000","321,000,000","332,000,000","329,000,000","356,000,000","332,000,000","346,000,000","360,000,000","315,000,000","325,000,000","317,000,000","305,000,000","302,000,000","292,000,000","291,000,000","293,000,000","282,000,000","269,000,000","253,000,000","245,000,000","241,000,000","260,000,000",,,,,,,,,,,,,,"224,000,000","232,000,000","210,000,000","199,000,000","200,000,000",,,,,,,,,,,,,,,,,,,,"60,000,000","48,000,000","73,000,000","30,000,000","45,000,000","61,000,000","19,000,000","19,000,000","15,000,000",,,,,,,,,,,,,,,,,,,,,,,,,,,,
NetIncomeFromContinuingOperationNetMinorityInterest,"-150,000,000","115,000,000","-632,000,000","343,000,000","24,000,000","-148,000,000","318,000,000","-333,000,000","-86,000,000","144,000,000","-78,000,000","210,000,000","16,000,000","154,000,000","102,000,000","102,000,000","98,000,000","685,000,000","-713,000,000","152,000,000","53,000,000","-24,000,000","-200,000,000","176,000,000","-103,000,000","126,000,000","-85,000,000","180,000,000","69,000,000","142,000,000","206,000,000","488,000,000","139,000,000","-35,000,000","-113,000,000","123,000,000","164,000,000","104,000,000","240,000,000","-1,569,000,000","69,000,000","345,000,000","-175,000,000","-156,000,000","191,000,000","236,000,000","-446,000,000","13,000,000","126,000,000","183,000,000","33,000,000","185,000,000","303,000,000","218,000,000","-66,000,000","145,000,000","903,000,000","234,000,000","13,000,000","91,000,000","279,000,000","119,000,000","73,000,000","-353,000,000","211,000,000","351,000,000","179,000,000","244,000,000","85,000,000","133,000,000","92,000,000","133,000,000","67,000,000","74,000,000","89,000,000","46,000,000","65,000,000","73,000,000","-2,566,000,000","-99,000,000","-98,000,000","192,000,000","246,000,000","3,000,000","112,000,000","106,000,000","221,000,000","134,000,000","111,000,000","181,000,000","129,000,000","58,000,000","71,000,000","-13,000,000","92,000,000","79,000,000","71,000,000","65,000,000","56,000,000","50,000,000","42,000,000","40,000,000","36,000,000","32,000,000","28,000,000","29,000,000","28,400,000","27,300,000","26,500,000","24,800,000","26,200,000","25,600,000","25,600,000","20,900,000","5,300,000","23,100,000","21,800,000","21,100,000","15,200,000","16,700,000","11,900,000","12,000,000","10,400,000","13,600,000","10,000,000","8,700,000","3,300,000","5,900,000","4,400,000","1,900,000"
TotalUnusualItemsExcludingGoodwill,"-2,551,000,000","-26,000,000","-1,907,000,000","35,000,000","-655,000,000","-481,000,000","-57,000,000","-1,007,000,000","-74,000,000","59,000,000","-84,000,000","-67,000,000","-144,000,000","1,000,000","88,000,000","-120,000,000","-40,000,000","602,000,000","-244,000,000","-54,000,000","-145,000,000","-133,000,000","-624,000,000","-120,000,000","-299,000,000","-64,000,000","-216,000,000","-229,000,000","-148,000,000","-54,000,000","-79,000,000","212,000,000","-101,000,000","-325,000,000","-313,000,000","-226,000,000","-168,000,000","-85,000,000","-12,000,000","-1,879,000,000","-115,000,000","107,000,000","-29,000,000","-372,000,000","2,000,000","38,000,000","-1,086,000,000","-216,000,000","-56,000,000","-54,000,000","35,000,000","29,000,000","120,000,000","164,000,000","-238,000,000","-19,000,000","908,000,000","68,000,000","-419,000,000","-21,000,000","258,000,000","-20,000,000","140,000,000","-606,000,000","-25,000,000","52,000,000","-47,000,000","-13,000,000","87,000,000","-2,000,000","-31,000,000","-10,000,000","-1,000,000","-6,000,000","-92,000,000","36,000,000","207,000,000","69,000,000","-686,000,000","20,000,000","-63,000,000","53,000,000","104,000,000","-34,000,000","109,000,000","37,000,000","138,000,000","103,000,000","99,000,000","118,000,000","130,000,000","-17,000,000","41,000,000","-97,000,000","63,000,000","44,000,000","43,000,000","42,000,000","47,000,000","28,000,000","14,000,000","16,000,000","19,000,000","9,000,000","2,000,000","5,000,000","4,600,000","3,100,000","3,500,000","2,300,000","3,300,000","3,200,000","2,200,000","3,300,000",,,,,,,,,,,,,,,,
TotalUnusualItems,"-2,551,000,000","-26,000,000","-1,907,000,000","35,000,000","-655,000,000","-481,000,000","-57,000,000","-1,007,000,000","-74,000,000","59,000,000","-84,000,000","-67,000,000","-144,000,000","1,000,000","88,000,000","-120,000,000","-40,000,000","602,000,000","-244,000,000","-54,000,000","-145,000,000","-133,000,000","-624,000,000","-120,000,000","-299,000,000","-64,000,000","-216,000,000","-229,000,000","-148,000,000","-54,000,000","-79,000,000","212,000,000","-101,000,000","-325,000,000","-313,000,000","-226,000,000","-168,000,000","-85,000,000","-12,000,000","-1,879,000,000","-115,000,000","107,000,000","-29,000,000","-372,000,000","2,000,000","38,000,000","-1,086,000,000","-216,000,000","-56,000,000","-54,000,000","35,000,000","29,000,000","120,000,000","164,000,000","-238,000,000","-19,000,000","908,000,000","68,000,000","-419,000,000","-21,000,000","258,000,000","-20,000,000","140,000,000","-606,000,000","-25,000,000","52,000,000","-47,000,000","-13,000,000","87,000,000","-2,000,000","-31,000,000","-10,000,000","-1,000,000","-6,000,000","-92,000,000","36,000,000","207,000,000","69,000,000","-686,000,000","20,000,000","-63,000,000","53,000,000","104,000,000","-34,000,000","109,000,000","37,000,000","138,000,000","103,000,000","99,000,000","118,000,000","130,000,000","-17,000,000","41,000,000","-97,000,000","63,000,000","44,000,000","43,000,000","42,000,000","47,000,000","28,000,000","14,000,000","16,000,000","19,000,000","9,000,000","2,000,000","5,000,000","4,600,000","3,100,000","3,500,000","2,300,000","3,300,000","3,200,000","2,200,000","3,300,000",,,,,,,,,,,,,,,,
NormalizedEBITDA,"3,772,000,000","818,000,000","881,000,000","1,050,000,000","1,025,000,000","955,000,000","1,198,000,000","1,045,000,000","668,000,000","762,000,000","722,000,000","1,003,000,000","801,000,000","864,000,000","748,000,000","965,000,000","903,000,000","931,000,000","690,000,000","1,057,000,000","1,008,000,000","932,000,000","960,000,000","1,059,000,000","963,000,000","878,000,000","1,092,000,000","1,066,000,000","1,141,000,000","1,050,000,000","1,206,000,000","1,096,000,000","1,161,000,000","1,122,000,000","985,000,000","1,290,000,000","1,255,000,000","1,090,000,000","1,329,000,000","1,361,000,000","1,047,000,000","1,442,000,000","1,429,000,000","1,357,000,000","1,336,000,000","1,321,000,000","1,304,000,000","1,276,000,000","1,273,000,000","1,320,000,000","1,028,000,000","1,288,000,000","1,102,000,000","1,141,000,000","2,422,000,000","1,125,000,000","-2,000,000","832,000,000","1,501,000,000","768,000,000","542,000,000","803,000,000","292,000,000","1,514,000,000","885,000,000","847,000,000","898,000,000","863,000,000","394,000,000","959,000,000","925,000,000","911,000,000","774,000,000","837,000,000","747,000,000","451,000,000","228,000,000","504,000,000","-852,000,000","308,000,000","416,000,000","591,000,000","574,000,000","484,000,000","306,000,000","471,000,000","339,000,000","329,000,000","217,000,000","272,000,000","146,000,000","249,000,000","163,000,000","370,000,000","211,000,000","226,000,000","155,000,000","164,000,000","115,000,000","84,000,000","94,000,000","77,000,000","74,000,000","80,000,000","212,000,000","74,000,000","74,000,000","76,800,000","69,000,000","68,300,000","65,500,000","65,800,000","70,900,000","61,300,000","131,100,000","129,200,000","128,800,000","129,500,000","117,200,000","107,600,000","87,200,000","89,000,000","87,000,000","92,300,000","81,300,000","72,900,000","50,000,000","55,100,000","51,000,000","34,000,000"
TaxRateForCalcs,"0.1","0.23","0.136","0.22","0.27","0.27","0.278","0.28","0.27","0.28","0.27","0.31","0.27","0.32","0.27","0.27","0.39","0.23","0.4","0.32","0.38","0.4","0.4","0.26","0.32","0.4","0.4","0.27","0.31","0.29","0.267","0.15","0.38","0.35","0.35","0.33","0.2","0.27","0.32","0.35","0.378","0.345","0.253","0.368","0.285","0.31","0.35","0.291","0.35","0.338","0.247","0.327","0.179","0.262","0.066","0.35","0.26","0.35","0.158","0.35","0.35","0.35","0.311","0.4","0.334","0.357","0.342","0.37","0.4","0.4","0.343","0.37","0.4","0.4","0.4","0.303","0.343","0.354","0.026","0.317","0.084","0.356","0.309","0.4","0.353","0.35","0.28","0.28","0.279","0.282","0.303","0.318","0.324","0.316","0.333","0.275","0.336","0.337","0.097","0.231","0.311","0.286","0.265","0.333","0.364","0.341","0.33","0.352","0.357","0.352","0.292","0.31","0.321","0.303","0.4","0.4","0.4","0.4","0.4","0.4","0.4","0.4","0.4","0.4","0.4","0.4","0.4","0.4","0.4","0.4"
TaxEffectOfUnusualItems,"-255,415,327.565","-5,980,000","-259,421,844.343","7,700,000","-176,850,000","-129,870,000","-15,849,740.933","-281,960,000","-19,980,000","16,520,000","-22,680,000","-20,770,000","-38,880,000","320,000","23,760,000","-32,400,000","-15,600,000","138,460,000","-97,600,000","-17,280,000","-55,100,000","-53,200,000","-249,600,000","-31,200,000","-95,680,000","-25,600,000","-86,400,000","-61,830,000","-45,880,000","-15,660,000","-21,115,207.373","31,800,000","-38,380,000","-113,750,000","-109,550,000","-74,580,000","-33,600,000","-22,950,000","-3,837,563.452","-657,650,000","-43,482,587.065","36,958,602.846","-7,337,878.788","-137,052,631.579","569,600","11,783,783.784","-380,100,000","-62,929,133.858","-19,600,000","-18,248,275.862","8,655,097.614","9,481,658.692","21,501,706.485","42,899,850.523","-15,674,731.183","-6,650,000","235,931,147.541","23,800,000","-66,282,485.876","-7,350,000","90,300,000","-7,000,000","43,584,905.66","-242,400,000","-8,359,621.451","18,571,428.571","-16,069,852.941","-4,803,617.571","34,800,000","-800,000","-10,628,571.429","-3,696,682.464","-400,000","-2,400,000","-36,800,000","10,909,090.909","71,090,909.091","24,424,778.761","-17,963,567.362","6,344,827.586","-5,299,065.421","18,852,348.993","32,134,831.461","-13,600,000","38,433,526.012","12,938,650.307","38,657,980.456","28,795,698.925","27,642,857.143","33,246,031.746","39,351,351.351","-5,400,000","13,276,190.476","-30,631,578.947","21,000,000","12,110,091.743","14,467,289.72","14,142,857.143","4,548,387.097","6,461,538.462","4,360,655.738","4,571,428.571","5,040,816.327","3,000,000","727,272.727","1,704,545.455","1,518,867.925","1,089,786.223","1,248,786.408","810,704.961","963,243.243","991,913.747","706,100.796","1,001,000","0","0","0","0","0","0","0","0","0","0","0","0","0","0","0","0"