name,ttm,03/31/2022,12/31/2021,09/30/2021,06/30/2021,03/31/2021,12/31/2020,09/30/2020,06/30/2020,03/31/2020,12/31/2019,09/30/2019,06/30/2019,03/31/2019,12/31/2018,09/30/2018,06/30/2018,03/31/2018,12/31/2017,09/30/2017,06/30/2017,03/31/2017,12/31/2016,09/30/2016,06/30/2016,03/31/2016,12/31/2015,09/30/2015,06/30/2015,03/31/2015,12/31/2014,09/30/2014,06/30/2014,03/31/2014,12/31/2013,09/30/2013,06/30/2013,03/31/2013,12/31/2012,09/30/2012,06/30/2012,03/31/2012,12/31/2011,09/30/2011,06/30/2011,03/31/2011,12/31/2010,09/30/2010,06/30/2010,03/31/2010,12/31/2009,09/30/2009,06/30/2009,03/31/2009,12/31/2008,09/30/2008,06/30/2008,03/31/2008,12/31/2007,09/30/2007,06/30/2007,03/31/2007,12/31/2006,09/30/2006,06/30/2006,03/31/2006,12/31/2005,09/30/2005,06/30/2005,03/31/2005,12/31/2004,09/30/2004,06/30/2004,03/31/2004,12/31/2003,09/30/2003,06/30/2003,03/31/2003,12/31/2002,09/30/2002,06/30/2002,03/31/2002,12/31/2001,09/30/2001,06/30/2001,03/31/2001,12/31/2000,09/30/2000,06/30/2000,03/31/2000,12/31/1999,09/30/1999,06/30/1999,03/31/1999,12/31/1998,09/30/1998,06/30/1998,03/31/1998,12/31/1997,09/30/1997,06/30/1997,03/31/1997,12/31/1996,09/30/1996,06/30/1996,03/31/1996,12/31/1995,09/30/1995,06/30/1995,03/31/1995,12/31/1994,09/30/1994,06/30/1994,03/31/1994,12/31/1993,09/30/1993,06/30/1993,03/31/1993,12/31/1992,09/30/1992,06/30/1992,03/31/1992,12/31/1991,09/30/1991,06/30/1991,03/31/1991,12/31/1990,09/30/1990,06/30/1990,03/31/1990,12/31/1989,09/30/1989,06/30/1989,03/31/1989,12/31/1988,09/30/1988,06/30/1988,03/31/1988,12/31/1987,09/30/1987,06/30/1987,03/31/1987,12/31/1986,09/30/1986,06/30/1986,03/31/1986
TotalRevenue,"5,200,400,000","1,350,800,000","1,413,600,000","1,194,000,000","1,242,000,000","1,195,600,000","1,152,200,000","1,084,600,000","1,155,300,000","1,250,000,000","1,197,300,000","1,014,300,000","1,206,100,000","1,192,100,000","1,219,200,000","1,035,600,000","1,262,300,000","1,210,700,000","979,600,000","646,200,000","656,800,000","596,000,000","865,600,000","807,700,000","810,300,000","798,800,000","899,300,000","830,700,000","887,100,000","659,400,000","1,092,200,000","1,015,900,000","987,800,000","941,800,000","1,130,700,000","957,400,000","959,400,000","990,200,000","1,000,000,000","902,400,000","905,200,000","940,700,000","908,600,000","862,100,000","812,200,000","795,000,000","810,500,000","772,500,000","776,800,000","756,500,000","722,100,000","713,300,000","700,300,000","690,500,000","737,700,000","820,800,000","806,600,000","750,200,000","674,300,000","626,600,000","657,900,000","674,100,000","588,400,000","572,200,000","592,300,000","594,100,000","522,200,000","510,000,000","565,600,000","552,400,000","513,700,000","497,500,000","534,300,000","505,700,000","506,900,000","470,500,000","510,000,000","434,000,000","459,700,000","476,600,000","482,400,000","434,200,000","-891,700,000","956,800,000","1,001,300,000","876,600,000","1,079,800,000","919,200,000","967,500,000","959,000,000","1,031,200,000","1,034,300,000","1,070,400,000","974,700,000","1,055,600,000","1,128,700,000","1,155,100,000","1,039,000,000","1,082,600,000","1,074,700,000","1,478,100,000","1,297,700,000","1,407,600,000","1,273,100,000","1,266,800,000","1,144,300,000","1,161,500,000","1,176,300,000","1,139,800,000","1,032,100,000","1,039,100,000","1,009,600,000","1,053,800,000","908,300,000","946,400,000","926,500,000","979,300,000","901,700,000","1,002,500,000","976,300,000","1,061,100,000","933,900,000","1,007,900,000","967,400,000","1,046,700,000","877,400,000","980,500,000","941,000,000","987,300,000","813,500,000","822,700,000","837,600,000","917,100,000","837,100,000","882,100,000","798,200,000","892,700,000","713,900,000","856,300,000","730,000,000","828,500,000","724,300,000","778,100,000","664,900,000","807,400,000","752,300,000"
	OperatingRevenue,"5,200,400,000","1,350,800,000","1,413,600,000","1,194,000,000","1,242,000,000","1,195,600,000","1,152,200,000","1,084,600,000","1,155,300,000","1,250,000,000","1,197,300,000","1,014,300,000","1,206,100,000","1,192,100,000","1,219,200,000","1,035,600,000","1,262,300,000","1,210,700,000","979,600,000","646,200,000","656,800,000","596,000,000","865,600,000","807,700,000","810,300,000","798,800,000","899,300,000","830,700,000","887,100,000","659,400,000","1,092,200,000","1,015,900,000","987,800,000","941,800,000","1,130,700,000","957,400,000","959,400,000","990,200,000","1,000,000,000","902,400,000","905,200,000","940,700,000","908,600,000","862,100,000","812,200,000","795,000,000","810,500,000","772,500,000","776,800,000","756,500,000","722,100,000","713,300,000","700,300,000","690,500,000","737,700,000","820,800,000","806,600,000","750,200,000","674,300,000","626,600,000","657,900,000","674,100,000","588,400,000","572,200,000","592,300,000","594,100,000","522,200,000","510,000,000","565,600,000","552,400,000","513,700,000","497,500,000","534,300,000","505,700,000","506,900,000","470,500,000","510,000,000","434,000,000","459,700,000","476,600,000","482,400,000","434,200,000","-891,700,000","956,800,000","1,001,300,000","876,600,000","1,079,800,000","919,200,000","967,500,000","959,000,000","1,031,200,000","1,034,300,000","1,070,400,000","974,700,000","1,055,600,000","1,128,700,000","1,155,100,000","1,039,000,000","1,082,600,000","1,074,700,000","1,478,100,000","1,297,700,000","1,407,600,000","1,273,100,000","1,266,800,000","1,144,300,000","1,161,500,000","1,176,300,000","1,139,800,000","1,032,100,000","1,039,100,000","1,009,600,000","1,053,800,000","908,300,000","946,400,000","926,500,000","979,300,000","901,700,000","1,002,500,000","976,300,000","1,061,100,000","933,900,000","1,007,900,000","967,400,000","1,046,700,000","877,400,000","980,500,000","941,000,000","987,300,000","813,500,000","822,700,000","837,600,000","917,100,000","837,100,000","882,100,000","798,200,000","892,700,000","713,900,000","856,300,000","730,000,000","828,500,000","724,300,000","778,100,000","664,900,000","807,400,000","752,300,000"
CostOfRevenue,"2,968,400,000","778,100,000","798,900,000","681,200,000","710,200,000","683,200,000","650,800,000","618,200,000","632,600,000","688,500,000","641,300,000","581,900,000","655,600,000","647,400,000","677,300,000","589,400,000","718,200,000","656,000,000","594,800,000","380,300,000","422,400,000","379,800,000","528,000,000","528,200,000","509,000,000","517,400,000","600,700,000","610,400,000","581,300,000","408,700,000","727,000,000","692,200,000","630,200,000","613,300,000","775,800,000","653,000,000","616,500,000","620,500,000","659,400,000","586,900,000","567,400,000","593,400,000","615,500,000","574,700,000","513,400,000","506,900,000","546,100,000","517,800,000","512,200,000","489,500,000","502,400,000","510,000,000","477,300,000","453,900,000","518,000,000","580,800,000","536,400,000","499,200,000","478,700,000","440,200,000","447,900,000","463,300,000","415,600,000","412,600,000","407,900,000","400,400,000","360,100,000","367,800,000","387,400,000","390,200,000","359,300,000","359,700,000","377,600,000","377,600,000","360,200,000","344,400,000","370,700,000","325,200,000","329,700,000","350,100,000","356,200,000","322,800,000","-710,100,000","726,700,000","733,400,000","660,900,000","779,900,000","611,200,000","620,600,000","671,400,000","706,800,000","729,900,000","715,800,000","675,100,000","728,800,000","790,900,000","796,900,000","720,700,000","769,600,000","733,300,000","1,016,000,000","914,500,000","978,800,000","872,500,000","885,200,000","747,600,000","852,500,000","792,500,000","751,300,000","686,900,000","724,600,000","693,800,000","693,200,000","601,000,000","676,200,000","651,900,000","673,600,000","606,900,000","704,400,000","688,000,000","728,100,000","634,300,000","728,200,000","681,500,000","710,200,000","598,900,000","711,600,000","649,900,000","665,900,000","532,600,000","446,600,000","610,800,000",,,,,,,,,,,,,,
GrossProfit,"2,232,000,000","572,700,000","614,700,000","512,800,000","531,800,000","512,400,000","501,400,000","466,400,000","522,700,000","561,500,000","556,000,000","432,400,000","550,500,000","544,700,000","541,900,000","446,200,000","544,100,000","554,700,000","384,800,000","265,900,000","234,400,000","216,200,000","337,600,000","279,500,000","301,300,000","281,400,000","298,600,000","220,300,000","305,800,000","250,700,000","365,200,000","323,700,000","357,600,000","328,500,000","354,900,000","304,400,000","342,900,000","369,700,000","340,600,000","315,500,000","337,800,000","347,300,000","293,100,000","287,400,000","298,800,000","288,100,000","264,400,000","254,700,000","264,600,000","267,000,000","219,700,000","203,300,000","223,000,000","236,600,000","219,700,000","240,000,000","270,200,000","251,000,000","195,600,000","186,400,000","210,000,000","210,800,000","172,800,000","159,600,000","184,400,000","193,700,000","162,100,000","142,200,000","178,200,000","162,200,000","154,400,000","137,800,000","156,700,000","128,100,000","146,700,000","126,100,000","139,300,000","108,800,000","130,000,000","126,500,000","126,200,000","111,400,000","-181,600,000","230,100,000","267,900,000","215,700,000","299,900,000","308,000,000","346,900,000","287,600,000","324,400,000","304,400,000","354,600,000","299,600,000","326,800,000","337,800,000","358,200,000","318,300,000","313,000,000","341,400,000","462,100,000","383,200,000","428,800,000","400,600,000","381,600,000","396,700,000","309,000,000","383,800,000","388,500,000","345,200,000","314,500,000","315,800,000","360,600,000","307,300,000","270,200,000","274,600,000","305,700,000","294,800,000","298,100,000","288,300,000","333,000,000","299,600,000","279,700,000","285,900,000","336,500,000","278,500,000","268,900,000","291,100,000","321,400,000","280,900,000","376,100,000","226,800,000",,,,,,,,,,,,,,
OperatingExpense,"1,030,600,000","260,300,000","280,400,000","263,000,000","226,900,000","248,500,000","277,400,000","263,400,000","235,300,000","263,100,000","408,900,000","265,700,000","270,000,000","255,100,000","331,400,000","278,500,000","288,400,000","266,300,000","291,000,000","183,800,000","161,700,000","140,200,000","214,000,000","158,100,000","166,700,000","169,100,000","201,300,000","177,100,000","198,500,000","326,400,000","291,500,000","195,300,000","159,500,000","146,900,000","177,900,000","154,900,000","168,900,000","162,100,000","179,300,000","157,100,000","156,700,000","157,600,000","146,800,000","138,400,000","133,900,000","128,600,000","155,500,000","123,900,000","117,900,000","114,400,000","116,300,000","103,000,000","95,700,000","100,100,000","106,800,000","105,300,000","113,000,000","105,500,000","113,400,000","94,300,000","101,600,000","100,600,000","104,100,000","95,100,000","93,100,000","89,500,000","96,500,000","86,000,000","92,200,000","90,100,000","94,400,000","82,900,000","82,100,000","88,800,000","87,800,000","77,300,000","82,300,000","76,900,000","74,500,000","75,100,000","78,100,000","78,500,000","-167,200,000","160,800,000","498,900,000","171,300,000","215,000,000","206,400,000","224,000,000","220,500,000","226,800,000","217,700,000","233,900,000","230,300,000","250,600,000","232,000,000","237,900,000","256,600,000","264,600,000","238,200,000","309,500,000","277,700,000","317,200,000","279,800,000","267,600,000","273,000,000","290,000,000","285,800,000","252,800,000","238,000,000","262,100,000","245,900,000","241,000,000","234,600,000","423,500,000","221,900,000","220,700,000","221,400,000","249,800,000","219,700,000","233,000,000","209,500,000","233,600,000","207,000,000","214,800,000","200,500,000","222,900,000","211,600,000","217,500,000","203,100,000","332,500,000","151,400,000",,,,,,,,,,,,,,
	SellingGeneralAndAdministration,"728,100,000","188,500,000","195,100,000","183,500,000","161,000,000","174,500,000","181,600,000","187,700,000","171,000,000","189,400,000","223,800,000","188,300,000","196,900,000","183,900,000","231,800,000","207,600,000","211,400,000","200,400,000","231,600,000","150,900,000","126,400,000","109,700,000","156,100,000","117,800,000","129,100,000","126,500,000","147,000,000","137,000,000","156,000,000","297,900,000","229,400,000","147,400,000","125,000,000","119,400,000","141,700,000","124,900,000","138,800,000","131,300,000","142,100,000","127,600,000","128,300,000","129,100,000","117,100,000","110,600,000","108,900,000","105,900,000","124,800,000","99,900,000","95,600,000","90,900,000","87,700,000","79,800,000","74,700,000","80,100,000","81,200,000","81,900,000","90,000,000","83,700,000","86,200,000","73,800,000","77,900,000","77,400,000","77,400,000","69,500,000","70,500,000","67,500,000","73,300,000","63,100,000","68,500,000","65,500,000","68,100,000","60,400,000","61,400,000","64,900,000","62,600,000","57,200,000","60,300,000","56,800,000","52,900,000","55,700,000","57,700,000","57,900,000","173,300,000","122,900,000","134,500,000","133,400,000","124,500,000","125,100,000","134,800,000","138,100,000","140,700,000","135,800,000","149,400,000","149,700,000","153,300,000","143,300,000","150,900,000","165,300,000","159,600,000","148,400,000","192,700,000","170,600,000","60,300,000","217,400,000","162,900,000","164,200,000","362,400,000","163,400,000","151,100,000","140,800,000","149,700,000","149,000,000","146,500,000","180,700,000","362,100,000","169,500,000","167,100,000","162,200,000","188,900,000","161,600,000","174,500,000","153,900,000","174,000,000","151,100,000","160,100,000","145,800,000","163,200,000","162,700,000","164,700,000","153,300,000","268,000,000","107,000,000",,,,,,,,,,,,,,
	ResearchAndDevelopment,"302,500,000","71,800,000","85,300,000","79,500,000","65,900,000","74,000,000","84,600,000","71,700,000","64,300,000","67,300,000","76,400,000","77,400,000","73,100,000","71,200,000","77,700,000","70,900,000","77,000,000","65,900,000","51,100,000","30,200,000","32,000,000","28,200,000","38,200,000","32,200,000","35,100,000","36,000,000","40,900,000","37,200,000","39,000,000","26,600,000","38,400,000","30,600,000","33,200,000","26,100,000","33,000,000","29,000,000","29,100,000","29,800,000","31,400,000","29,500,000","28,400,000","28,500,000","29,700,000","27,800,000","25,000,000","22,700,000","30,700,000","24,000,000","22,300,000","23,500,000","28,600,000","23,200,000","21,000,000","20,000,000","25,600,000","23,400,000","23,000,000","21,800,000","27,200,000","20,500,000","23,700,000","23,200,000","26,700,000","25,600,000","22,600,000","22,000,000","23,200,000","22,900,000","23,700,000","24,600,000","26,300,000","22,500,000","20,700,000","23,900,000","25,200,000","20,100,000","22,000,000","20,100,000","21,600,000","19,400,000","20,400,000","20,600,000","-16,100,000","37,900,000","41,300,000","36,600,000","43,300,000","35,300,000","39,200,000","36,700,000","39,700,000","36,800,000","38,800,000","37,100,000","44,800,000","37,000,000","37,800,000","38,100,000","47,200,000","43,800,000","45,700,000","43,600,000",,,"45,400,000","43,800,000",,"57,400,000","42,900,000","38,300,000","49,200,000","40,600,000","38,900,000",,,,,,,,,,,,,,,,,,,,,,,,,,,,,,,,,
	DepreciationAmortizationDepletionIncomeStatement,,,,,,,,,,,,,,,,,,,,,,,,,,,,,,,,,,,,,,,,,,,,,,,,,,,,,,,,,,,,,,,,,,,,,,,,,,,,,,,,,,,,,,,"47,200,000","46,000,000","50,000,000","45,700,000","46,400,000","45,100,000","45,700,000","43,500,000","52,500,000","51,700,000","49,200,000","53,200,000","57,800,000","46,000,000","71,100,000","63,500,000","67,500,000","62,400,000","59,300,000","65,000,000","66,200,000","65,000,000","58,800,000","58,900,000","63,200,000","56,300,000","55,600,000","53,900,000","61,400,000","52,400,000","53,600,000","59,200,000","60,900,000","58,100,000","58,500,000","55,600,000","59,600,000","55,900,000","54,700,000","54,700,000","59,700,000","48,900,000","52,800,000","49,800,000","64,500,000","44,400,000",,,,,,,,,,,,,,
		DepreciationAndAmortizationInIncomeStatement,,,,,,,,,,,,,,,,,,,,,,,,,,,,,,,,,,,,,,,,,,,,,,,,,,,,,,,,,,,,,,,,,,,,,,,,,,,,,,,,,,,,,,,"47,200,000","46,000,000","50,000,000","45,700,000","46,400,000","45,100,000","45,700,000","43,500,000","52,500,000","51,700,000","49,200,000","53,200,000","57,800,000","46,000,000","71,100,000","63,500,000","67,500,000","62,400,000","59,300,000","65,000,000","66,200,000","65,000,000","58,800,000","58,900,000","63,200,000","56,300,000","55,600,000","53,900,000","61,400,000","52,400,000","53,600,000","59,200,000","60,900,000","58,100,000","58,500,000","55,600,000","59,600,000","55,900,000","54,700,000","54,700,000","59,700,000","48,900,000","52,800,000","49,800,000","64,500,000","44,400,000",,,,,,,,,,,,,,
	OtherOperatingExpenses,,,,,,,"11,200,000","4,000,000",,"6,400,000",,,,,,,,,"8,300,000","2,700,000","3,300,000","2,300,000","19,700,000","8,100,000","2,500,000","6,600,000","13,400,000","2,900,000","3,500,000","1,900,000","23,700,000","17,300,000","1,300,000","1,400,000","3,200,000","1,000,000","1,000,000","1,000,000",,,,,,,,,,,,,,,,,,,,,,,,,,,,,,,,,,,,,,,,,,,,,,,"323,100,000","1,300,000",,,,,,,,,,,,,,,,,,,,,,,,,,,,,,,,,,,,,,,,,,,,,,,,,,,,,,,,,,,,
OperatingIncome,"1,201,400,000","312,400,000","334,300,000","249,800,000","304,900,000","263,900,000","224,000,000","203,000,000","287,400,000","298,400,000","147,100,000","166,700,000","280,500,000","289,600,000","210,500,000","167,700,000","255,700,000","288,400,000","93,800,000","82,100,000","72,700,000","76,000,000","123,600,000","121,400,000","134,600,000","112,300,000","97,300,000","43,200,000","107,300,000","-75,700,000","73,700,000","128,400,000","198,100,000","181,600,000","177,000,000","149,500,000","174,000,000","207,600,000","161,300,000","158,400,000","181,100,000","189,700,000","146,300,000","149,000,000","164,900,000","159,500,000","108,900,000","130,800,000","146,700,000","152,600,000","103,400,000","100,300,000","127,300,000","136,500,000","112,900,000","134,700,000","157,200,000","145,500,000","82,200,000","92,100,000","108,400,000","110,200,000","68,700,000","64,500,000","91,300,000","104,200,000","65,600,000","56,200,000","86,000,000","72,100,000","60,000,000","54,900,000","74,600,000","39,300,000","58,900,000","48,800,000","57,000,000","31,900,000","55,500,000","51,400,000","48,100,000","32,900,000","-14,400,000","69,300,000","-231,000,000","44,400,000","84,900,000","101,600,000","122,900,000","67,100,000","97,600,000","86,700,000","120,700,000","69,300,000","76,200,000","105,800,000","120,300,000","61,700,000","48,400,000","103,200,000","152,600,000","105,500,000","111,600,000","120,800,000","114,000,000","123,700,000","19,000,000","98,000,000","135,700,000","107,200,000","52,400,000","69,900,000","119,600,000","72,700,000","-153,300,000","52,700,000","85,000,000","73,400,000","48,300,000","68,600,000","100,000,000","90,100,000","46,100,000","78,900,000","121,700,000","78,000,000","46,000,000","79,500,000","103,900,000","77,800,000","43,600,000","75,400,000","917,100,000","837,100,000","-2,123,700,000","798,200,000","892,700,000","713,900,000","-2,013,900,000","730,000,000","828,500,000","724,300,000","-1,975,800,000","664,900,000","807,400,000","752,300,000"
NetNonOperatingInterestIncomeExpense,"-128,600,000","-29,900,000","-33,000,000","-33,100,000","-32,600,000","-32,400,000","-34,200,000","-35,500,000","-40,700,000","-40,800,000","-42,900,000","-41,600,000","-39,500,000","-34,500,000","-31,400,000","-33,400,000","-34,400,000","-33,900,000","-27,800,000","-18,400,000","-17,200,000","-15,700,000","-21,600,000","-20,300,000","-20,000,000","-20,800,000","-21,200,000","-20,200,000","-24,700,000","-14,000,000","-15,800,000","-14,900,000","-15,300,000","-13,500,000","-10,800,000","-9,800,000","-12,300,000","-11,700,000","-11,500,000","-11,000,000","-11,500,000","-11,300,000","-9,900,000","-9,100,000","-10,500,000","-9,900,000","-10,300,000","-9,600,000","-9,400,000","-10,000,000","-7,300,000","-6,200,000","-6,500,000","-7,000,000",,,,,,,,,,,,,,,,,,,,,,,,,,,,,,,,,,,,,,,,,,,,,,,,,,,,,,,,,,,,,,,,,,,,,,,,,,,,,,,,,,,,,,,,,,,,
	InterestExpenseNonOperating,"128,600,000","29,900,000","33,000,000","33,100,000","32,600,000","32,400,000","34,300,000","35,500,000","40,700,000","40,800,000","44,800,000","41,600,000","39,500,000","34,500,000","32,800,000","33,400,000","34,400,000","33,900,000","28,700,000","18,400,000","17,200,000","15,700,000","22,200,000","20,300,000","20,000,000","20,800,000","22,500,000","20,200,000","24,700,000","14,000,000","16,000,000","14,900,000","15,300,000","13,500,000","11,000,000","9,800,000","12,300,000","11,700,000","11,600,000","11,000,000","11,500,000",,"9,900,000","9,100,000","10,500,000","9,900,000",,,,"10,000,000",,"6,200,000","6,500,000",,,,,,,,,,,,,,,,,,,,,,,,,,,,,,,,,,,,,,,,,,,,,,,,,,,,,,,,,,,,,,,,,,,,,,,,,,,,,,,,,,,,,,,,,,,,,
	TotalOtherFinanceCost,,,,,,,,,,,,,,,,,,,,,,,,,,,,,,,,,,,,,,,,"11,000,000",,"11,300,000",,"9,100,000","10,500,000","9,900,000",,"9,600,000","9,400,000","10,000,000",,"6,200,000","6,500,000","7,000,000",,,,,,,,,,,,,,,,,,,,,,,,,,,,,,,,,,,,,,,,,,,,,,,,,,,,,,,,,,,,,,,,,,,,,,,,,,,,,,,,,,,,,,,,,,,,
OtherIncomeExpense,"-133,400,000","-13,400,000","-61,000,000","-37,900,000","-21,100,000","-8,000,000","-82,300,000","-18,600,000","-21,700,000","-9,200,000","-37,600,000","-5,600,000","-16,000,000","-11,200,000","-16,900,000","-24,700,000","-81,200,000","77,300,000","-50,900,000","-4,400,000","-3,500,000","-5,900,000","-48,400,000","-5,900,000","-9,800,000","-5,800,000","-152,600,000","-42,700,000","-6,700,000","-20,500,000","11,900,000","-25,500,000","-15,400,000","-8,300,000","2,200,000","-31,200,000","-5,700,000","-8,400,000","-13,000,000","-12,100,000","-5,900,000","-1,600,000","-5,700,000","-12,900,000","-7,600,000","-3,600,000","-115,400,000","-2,700,000","-15,300,000","-15,800,000","-48,000,000","-31,400,000","-30,300,000","-20,800,000","-31,400,000","-13,300,000","-10,400,000","8,600,000","-22,700,000","-24,700,000","-90,800,000","-24,500,000","-6,600,000","-400,000","-37,000,000","-30,500,000","41,600,000","-48,900,000","-14,700,000","1,000,000","-6,600,000","3,400,000","-1,300,000","-11,000,000","-14,900,000","-39,900,000","-5,200,000","-3,500,000","-15,600,000","3,600,000","-7,400,000","-7,000,000","259,000,000","-20,300,000","-507,600,000","-11,500,000","0",,"-56,600,000",,"0","11,700,000","4,000,000","2,300,000",,,,,,,,,"6,000,000","1,200,000",,,"59,600,000","-32,300,000","2,900,000","3,200,000","12,700,000","11,500,000","16,300,000","26,400,000","17,700,000","11,200,000","19,700,000","7,500,000","27,700,000","9,900,000","22,700,000","11,000,000","29,700,000","12,300,000","2,600,000","14,400,000","18,400,000","13,000,000","15,600,000","15,800,000","30,100,000","18,000,000",,,,,,,,,,,,,,
	GainOnSaleOfSecurity,,,,,,,,,,,,,,,,,,,,,,,"0",,,"-4,200,000",,,,,,,,,,,,,,,,,,,,,,,,,,,,,,,,,,,,,,,,,,,,,,,,,,,,,,,,,,,,,,,,,,,,,,,,,,,,,,,,,,,,,,,,,,,,,,,,,,,,,,,,,,,,,,,,,,,,,,,,
	EarningsFromEquityInterest,,,,,,,,,,,"0","0","0","0","0","0",,"100,000","-100,000","0","100,000","100,000","100,000","400,000","0","0","-200,000","0","100,000","-100,000","-300,000","-400,000","-200,000","0","-400,000","-100,000","-200,000","500,000","400,000","-500,000","-300,000","100,000","-500,000","500,000","1,700,000","900,000","800,000","1,000,000","0","900,000","-100,000","900,000","-200,000","1,700,000","200,000","2,300,000","300,000","300,000","200,000","-400,000","1,900,000","800,000","600,000","400,000","700,000","600,000","59,200,000","3,900,000","3,200,000","4,300,000","4,100,000","3,800,000","-300,000","-9,700,000","-11,100,000","-48,800,000","-5,200,000","-3,500,000","100,000","3,600,000",,,,,,,,,,,,,,,,,,,,,,,,,,,,,,,,,,,,,,,,,,,,,,,,,,,,,,,,,,,,,,,,,,
	SpecialIncomeCharges,"-46,000,000","-11,200,000","-22,200,000","-2,100,000","-10,500,000","-6,300,000","-78,500,000","-6,900,000","-16,200,000","-6,600,000","-47,400,000","-2,600,000","-7,100,000","-5,200,000","67,400,000","-25,100,000","-76,800,000","-4,700,000","-51,300,000","-4,400,000","-2,700,000","0","-34,600,000","-6,500,000","-9,100,000","-3,200,000","-109,600,000","-69,300,000","-6,800,000","-5,400,000","-9,300,000","-8,100,000","-15,200,000","-8,300,000","2,600,000","-500,000","-4,400,000","-8,400,000","-9,400,000","-11,600,000","-5,600,000","-1,700,000","-5,200,000","-13,400,000","-9,300,000","-4,500,000","-116,200,000","-3,700,000","-15,300,000","-16,700,000","-47,900,000","-32,300,000","-30,100,000","-22,500,000","-31,600,000","-15,600,000","-10,700,000","8,300,000","-22,900,000","-24,300,000","-92,700,000","-25,300,000","-7,200,000","-800,000","-37,700,000","-31,100,000","-17,600,000","-52,800,000","-17,900,000","-3,300,000","-10,700,000","-400,000","-1,000,000","-1,300,000","-3,800,000","8,900,000",,,"-15,700,000",,"-7,400,000","-7,000,000","259,000,000","-20,300,000","-507,600,000","-11,500,000","0",,"-56,600,000",,"0","11,700,000","4,000,000","2,300,000",,,,,,,,,"6,000,000","1,200,000",,,"59,600,000","-32,300,000","2,900,000","3,200,000","12,700,000","11,500,000","16,300,000","26,400,000","17,700,000","11,200,000","19,700,000","7,500,000","27,700,000","9,900,000","22,700,000","11,000,000","29,700,000","12,300,000","2,600,000","14,400,000","18,400,000","13,000,000","15,600,000","15,800,000","30,100,000","18,000,000",,,,,,,,,,,,,,
		RestructuringAndMergernAcquisition,"46,000,000","11,200,000","22,200,000","2,100,000","10,500,000","6,300,000","78,500,000","6,900,000","16,200,000","6,600,000","47,300,000","2,600,000","7,100,000","5,200,000","19,800,000","25,100,000","76,800,000","4,700,000","9,200,000","4,400,000","2,700,000","0","34,600,000","6,500,000","9,100,000","3,200,000","136,200,000","69,300,000","6,800,000","5,400,000","9,300,000","8,100,000","15,200,000","8,300,000","-2,600,000","500,000","4,400,000","8,400,000","9,400,000","11,600,000","5,600,000","1,700,000","5,200,000","13,400,000","9,300,000","4,500,000","116,200,000","3,700,000","15,300,000","16,700,000","47,900,000","32,300,000","30,100,000","22,500,000","32,600,000","14,600,000","10,700,000","-8,300,000","22,900,000","23,000,000","92,700,000","24,300,000","7,200,000","800,000","35,700,000","31,100,000","15,500,000","-3,800,000","25,400,000","3,300,000","800,000","400,000","1,000,000","1,300,000","3,800,000","-8,900,000",,,"15,700,000",,"7,400,000","7,000,000","65,400,000","20,300,000","184,500,000","10,200,000",,,,,,,,,,,,,,,,,,,,,,,,,,,,,,,,,,,,,,,,,,,,,,,,,,,,,,,,,,,,
		ImpairmentOfCapitalAssets,"0"
		OtherSpecialCharges,,,,,,,,,,,,"4,200,000","5,600,000","2,600,000","80,000,000","800,000","4,200,000","-82,400,000","-500,000",,"900,000","6,000,000","13,900,000","-200,000","700,000","-1,600,000","32,100,000","-26,600,000",,"15,000,000","-21,500,000","17,000,000",,,"0","30,600,000","1,100,000","500,000",,,,,,,,,,,,,,,,,,"1,000,000",,,"0","1,300,000",,"1,000,000","0",,"2,000,000",,"2,100,000","56,600,000","-7,500,000",,,,,,,,,,,,,,,,"323,100,000","1,300,000",,,,,,,,,,,,,,,,,,,,,,,,,,,,,,,,,,,,,,,,,,,,,,,,,,,,,,,,,,,,
	OtherNonOperatingIncomeExpenses,"-87,400,000","-2,200,000","-38,800,000","-35,800,000","-10,600,000","-1,700,000","-3,800,000","-11,700,000","-5,500,000","-2,600,000","9,800,000","-3,000,000","-8,900,000","-6,000,000","-84,300,000","400,000","-4,400,000","81,900,000","500,000","-2,700,000","-900,000","-6,000,000","-13,900,000","200,000","-700,000","1,600,000","-32,100,000","26,600,000","-3,500,000","-15,000,000","21,500,000","-17,000,000","-1,300,000","-1,400,000","0","-30,600,000","-1,100,000","-500,000",,,,,,,,,,,,,,,,,,,,,,,,,,,,,,,,,,,,,,,,,,,,,,,,,,,,,,,,,,,,,,,,,,,,,,,,,,,,,,,,,,,,,,,,,,,,,,,,,,,,,,,,,,,,
PretaxIncome,"939,400,000","269,100,000","240,300,000","178,800,000","251,200,000","223,500,000","107,500,000","148,900,000","225,000,000","248,400,000","66,600,000","119,500,000","225,000,000","243,900,000","162,200,000","109,600,000","140,100,000","331,800,000","15,100,000","59,300,000","52,000,000","54,400,000","53,600,000","95,200,000","104,800,000","85,700,000","-76,500,000","-19,700,000","75,900,000","-110,200,000","69,800,000","88,000,000","167,400,000","159,800,000","168,400,000","108,500,000","156,000,000","187,500,000","136,800,000","135,300,000","163,700,000","176,800,000","130,700,000","127,000,000","146,800,000","146,000,000","-16,800,000","118,500,000","122,000,000","126,800,000","48,100,000","62,700,000","90,500,000","108,700,000","68,500,000","109,200,000","134,700,000","142,500,000","48,100,000","55,900,000","6,300,000","75,400,000","53,000,000","54,600,000","42,600,000","63,300,000","94,200,000","-8,200,000","52,500,000","54,800,000","34,200,000","37,300,000","52,400,000","7,200,000","22,100,000","-14,500,000","28,000,000","2,400,000","15,100,000","38,300,000","23,100,000","10,000,000","-71,100,000","26,000,000","-440,100,000","12,500,000","64,400,000","74,900,000","39,900,000","43,400,000","71,100,000","69,700,000","92,700,000","40,800,000","47,300,000","74,800,000","91,200,000","36,200,000","-239,500,000","72,500,000","102,400,000","56,300,000","80,600,000","82,700,000","79,300,000","77,800,000","40,500,000","23,000,000","108,400,000","74,900,000","37,700,000","47,900,000","99,000,000","67,800,000","-154,500,000","45,700,000","84,900,000","61,700,000","53,500,000","54,000,000","95,000,000","77,000,000","48,500,000","60,500,000","90,500,000","56,400,000","25,900,000","51,400,000","79,900,000","54,300,000","33,200,000","51,800,000",,,,,,,,,,,,,,
TaxProvision,"101,700,000","42,300,000","17,300,000","8,700,000","33,400,000","32,200,000","68,600,000","18,400,000","29,200,000","34,700,000","35,900,000","8,700,000","30,600,000","36,300,000","-11,600,000","30,100,000","1,600,000","68,700,000","263,000,000","-11,600,000","3,300,000","9,400,000","18,400,000","12,600,000","32,000,000","30,900,000","103,800,000","-25,100,000","17,800,000","-49,100,000","-14,700,000","7,400,000","41,500,000","39,300,000","35,500,000","32,000,000","36,700,000","47,300,000","22,200,000","34,400,000","45,300,000","44,800,000","40,400,000","29,800,000","25,700,000","40,600,000","25,200,000","32,300,000","33,800,000","40,700,000","-21,200,000","27,200,000","13,600,000","33,400,000","17,400,000","23,300,000","42,500,000","42,200,000","2,200,000","14,500,000","-8,000,000","20,300,000","20,400,000","16,000,000","7,300,000","25,000,000","49,000,000","-5,200,000","19,200,000","19,300,000","-63,200,000","7,200,000","11,600,000","-100,000","2,500,000","-11,100,000","6,300,000","500,000","2,400,000","10,100,000","3,900,000","1,000,000","-64,200,000","4,700,000","-140,300,000","33,400,000","14,400,000","18,400,000","1,900,000","10,600,000","18,300,000","5,600,000","23,800,000","10,500,000","11,800,000","19,400,000","23,600,000","9,400,000","-78,100,000","17,400,000","29,600,000","16,400,000","36,000,000","23,400,000","21,900,000","22,600,000","12,100,000","-34,000,000","30,700,000","22,500,000","12,400,000","13,200,000","31,700,000","21,700,000","-52,200,000","10,400,000","22,300,000","16,300,000","23,200,000","11,800,000","29,600,000","22,300,000","18,300,000","18,800,000","28,000,000","17,700,000","-1,200,000","15,900,000","25,200,000","16,300,000","900,000","17,000,000",,,,,,,,,,,,,,
NetIncomeCommonStockholders,"759,500,000","207,000,000","191,300,000","157,900,000","202,400,000","182,200,000","49,400,000","111,100,000","183,900,000","205,700,000","-3,200,000","90,100,000","174,000,000","215,000,000","31,600,000","72,400,000","129,100,000","266,100,000","530,800,000","54,900,000","74,500,000","-124,400,000","15,800,000","79,400,000","64,900,000","48,100,000","-204,100,000","-2,400,000","740,300,000","-46,800,000","76,200,000","56,100,000","108,800,000","65,200,000","26,600,000","17,700,000","117,600,000","130,400,000","100,200,000","90,000,000","104,900,000","119,100,000","77,900,000","86,800,000","107,200,000","94,000,000","-53,500,000","82,900,000","65,700,000","77,400,000","62,100,000","28,000,000","69,300,000","69,100,000","46,300,000","80,000,000","84,400,000","93,900,000","40,900,000","37,100,000","8,600,000","45,800,000","12,900,000","35,100,000","46,300,000","37,700,000","25,300,000","-4,400,000","31,200,000","64,500,000","94,500,000","29,500,000","30,700,000","5,500,000","6,300,000","-3,400,000","21,700,000","1,900,000","9,400,000","28,200,000","19,200,000","9,000,000","-32,700,000","21,300,000","-299,800,000","-26,500,000","50,000,000","-10,200,000","38,000,000","32,800,000","31,400,000","64,100,000","86,900,000","30,300,000","-7,200,000","55,400,000","67,600,000","-9,300,000","-13,200,000","62,900,000","72,800,000","39,900,000","44,600,000","54,600,000","56,300,000","55,200,000","28,400,000","57,000,000","77,700,000","52,400,000","25,300,000","34,700,000","67,300,000","46,100,000","-102,300,000","35,300,000","57,900,000","45,400,000","-226,600,000","40,000,000","65,400,000","45,500,000","30,200,000","41,700,000","62,500,000","38,700,000","27,100,000","35,500,000","54,700,000","38,000,000","32,300,000","34,800,000",,,,,,,,,,,,,,
	NetIncome,"761,300,000","207,400,000","193,100,000","157,900,000","202,900,000","182,600,000","49,500,000","111,400,000","184,400,000","206,200,000","-3,200,000","90,400,000","174,500,000","215,700,000","32,400,000","72,800,000","129,700,000","267,200,000","530,100,000","55,200,000","74,700,000","-124,200,000","15,900,000","79,700,000","65,200,000","48,300,000","-204,100,000","-2,400,000","742,300,000","-46,800,000","76,500,000","56,300,000","109,100,000","65,600,000","27,100,000","17,900,000","118,000,000","130,900,000","102,200,000","90,000,000","104,900,000","119,100,000","77,900,000","86,800,000","107,200,000","94,000,000","-53,500,000","82,900,000","65,700,000","77,400,000","62,100,000","28,000,000","69,300,000","69,100,000","46,300,000","80,000,000","84,400,000","93,900,000","40,900,000","37,100,000","8,600,000","45,800,000","12,900,000","35,100,000","46,300,000","37,700,000","25,300,000","-4,400,000","31,200,000","64,500,000","94,500,000","29,500,000","30,700,000","5,500,000","6,300,000","-3,400,000","21,700,000","1,900,000","9,400,000","28,200,000","19,200,000","9,000,000","-32,700,000","21,300,000","-299,800,000","-26,500,000","50,000,000","-10,200,000","38,000,000","32,800,000","31,400,000","64,100,000","86,900,000","30,300,000","-7,200,000","55,400,000","67,600,000","-9,300,000","-13,200,000","62,900,000","72,800,000","39,900,000","44,600,000","54,600,000","56,300,000","55,200,000","28,400,000","57,000,000","77,700,000","52,400,000","25,300,000","34,700,000","67,300,000","46,100,000","-102,300,000","35,300,000","57,900,000","45,400,000","-226,600,000","40,000,000","65,400,000","45,500,000","30,200,000","41,700,000","62,500,000","38,700,000","27,100,000","35,500,000","54,700,000","38,000,000","32,300,000","34,800,000",,,,,,,,,,,,,,
		NetIncomeIncludingNoncontrollingInterests,"762,400,000","211,600,000","187,200,000","160,400,000","203,200,000","183,200,000","47,300,000","112,100,000","185,000,000","206,200,000","-2,800,000","89,500,000","176,300,000","217,200,000","34,600,000","74,800,000","132,500,000","269,600,000","531,100,000","55,800,000","75,300,000","-123,800,000","16,400,000","79,600,000","67,000,000","48,700,000","-202,700,000","400,000","746,300,000","-45,500,000","78,300,000","60,100,000","113,300,000","70,400,000","31,900,000","19,900,000","121,200,000","135,000,000","106,200,000","94,600,000","110,300,000","124,600,000","81,700,000","90,900,000","112,200,000","97,400,000","-50,300,000","85,900,000","68,900,000","80,400,000","56,500,000","29,400,000","71,700,000","70,900,000","51,900,000","84,700,000","88,200,000","96,800,000","44,400,000","40,000,000","9,900,000","47,700,000","14,200,000","37,100,000","48,800,000","39,700,000","27,500,000","-2,200,000","33,000,000","65,800,000","96,200,000","30,600,000","31,000,000","6,200,000","7,700,000","-3,000,000","22,100,000","2,600,000","10,700,000","29,200,000","19,800,000","9,500,000","-36,200,000","24,700,000","-297,800,000","-26,100,000","51,900,000","-9,000,000","38,800,000","33,500,000","32,700,000","66,000,000","88,000,000","30,900,000","-5,300,000","57,900,000","68,500,000","-8,400,000","-12,400,000","65,800,000","94,300,000","59,000,000","53,500,000","67,100,000","68,300,000","78,500,000","46,100,000","74,500,000","85,100,000","68,900,000","36,200,000","50,000,000","87,600,000","61,000,000","-101,300,000","36,100,000","58,000,000","46,000,000","-226,900,000","40,900,000","66,800,000","47,000,000","30,700,000","42,500,000","63,200,000","39,700,000","28,400,000","37,900,000","56,700,000","40,400,000","33,900,000","36,300,000","55,600,000","30,000,000","36,000,000","31,200,000","37,800,000","24,200,000","5,500,000","26,800,000","133,600,000","25,300,000","50,800,000","26,800,000","49,200,000","25,700,000"
			NetIncomeContinuousOperations,"837,700,000","226,800,000","223,000,000","170,100,000","217,800,000","191,300,000","38,900,000","130,500,000","195,800,000","213,700,000","30,700,000","110,800,000","194,400,000","207,600,000","173,800,000","79,500,000","138,500,000","263,100,000","-247,900,000","70,900,000","48,700,000","45,000,000","35,200,000","82,600,000","72,800,000","54,800,000","-180,300,000","5,400,000","58,100,000","-61,100,000","84,500,000","80,600,000","125,900,000","120,500,000","132,900,000","76,500,000","119,300,000","140,200,000","114,600,000","100,900,000","118,400,000","132,000,000","90,300,000","97,200,000","121,100,000","105,400,000","-42,000,000","86,200,000","88,200,000","86,100,000","69,300,000","35,500,000","76,900,000","75,300,000","51,100,000","85,900,000","92,200,000","100,300,000","45,900,000","41,400,000","14,300,000","55,100,000","32,600,000","38,600,000","35,300,000","38,300,000","45,200,000","-3,000,000","33,300,000","35,500,000","97,400,000","30,100,000","40,800,000","7,300,000","19,600,000","-3,400,000","21,700,000","1,900,000","12,700,000","28,200,000","19,200,000","9,000,000","-6,900,000","21,300,000","-299,800,000","-20,900,000","50,000,000","56,500,000","38,000,000","32,800,000","52,800,000","64,100,000","68,900,000","30,300,000","35,500,000","55,400,000","67,600,000","26,800,000","-161,400,000","55,100,000","72,800,000","39,900,000","44,600,000","59,300,000","57,400,000","55,200,000","28,400,000","57,000,000","77,700,000","52,400,000","25,300,000","34,700,000","67,300,000","46,100,000","-102,300,000","35,300,000","62,600,000","45,400,000","30,300,000","42,200,000","65,400,000","54,700,000","30,200,000","41,700,000","62,500,000","38,700,000","27,100,000","35,500,000","54,700,000","38,000,000","32,300,000","34,800,000","55,600,000","30,000,000","36,000,000","31,200,000","37,800,000","24,200,000","5,500,000","26,800,000","133,600,000","25,300,000","50,800,000","26,800,000","49,200,000","25,700,000"
			NetIncomeDiscontinuousOperations,"-75,300,000","-15,200,000","-35,800,000","-9,700,000","-14,600,000","-8,100,000","8,400,000","-18,400,000","-10,800,000","-7,500,000","-33,500,000","-21,300,000","-18,100,000","9,600,000","-139,200,000","-4,700,000","-6,000,000","6,500,000","779,000,000","-15,100,000","26,600,000","-168,800,000","-18,800,000","-3,000,000","-5,800,000","-6,100,000","-22,400,000","-5,000,000","688,200,000","15,600,000","-6,200,000","-20,500,000","-12,600,000","-50,100,000","-101,000,000","-56,600,000","1,900,000","-5,200,000","-8,400,000","-6,300,000","-8,100,000","-7,400,000","-8,600,000","-6,300,000","-8,900,000","-8,000,000","-8,300,000","-300,000","-19,300,000","-5,700,000","-2,500,000","-6,100,000","-5,200,000","-4,400,000","-4,800,000","-5,900,000","-7,800,000","-6,400,000","-5,000,000","-4,300,000","-5,700,000","-9,300,000","-19,700,000","-3,500,000","11,000,000","-600,000","-19,400,000","-1,400,000","-2,100,000","29,000,000","-2,900,000","-600,000","-10,100,000","-1,800,000",,,,,,,,,,,,,"0","-66,700,000",,,"-21,400,000",,"18,000,000",,,,,,"152,700,000","7,800,000",,,"0","-4,700,000","-1,100,000",,,,,,,,,,,,,,,,,,,,,,,,,,,,,,,,,,,,,,,,,
			NetIncomeExtraordinary,,,,,,,,,,,,,,,,,,,,,,,,,,,,,,,,,,,,,,,,,,,,,,,,,,,,,,,,,,,,,,,,,,,,,,,,,,,,,,,,,,,"4,700,000",,,"-5,600,000",,,,,,,,,"0",,,"-36,100,000",,,,,,,,,,,,,,,,,,,,,,,,,,,,,,,,,,,,,,,,,,,,,,,,
			NetIncomeFromTaxLossCarryforward,,,,,,,,,,,,,,,,,,,,,,,,,,,,,,,,,,,,,,,,,,,,,,,,,,,,,,,,,,,,,,,,,,,,,,,,,,,,,,,,,,,,,,,,,,,,,,,,,,,,,,,,,,,,,,,,,,,"0",,"-4,700,000",,"0","-2,200,000",,"-9,200,000",,,,,,,,,,,,,,,,,,,,,,,,
		MinorityInterests,"-1,100,000","-4,200,000","5,900,000","-2,500,000","-300,000","-600,000","2,200,000","-700,000","-600,000","0","-400,000","900,000","-1,800,000","-1,500,000","-2,200,000","-2,000,000","-2,800,000","-2,400,000","-1,000,000","-600,000","-600,000","-400,000","-500,000","100,000","-1,800,000","-400,000","-1,400,000","-2,800,000","-4,000,000","-1,300,000","-1,800,000","-3,800,000","-4,200,000","-4,800,000","-4,800,000","-2,000,000","-3,200,000","-4,100,000","-4,000,000","-4,600,000","-5,400,000","-5,500,000","-3,800,000","-4,100,000","-5,000,000","-3,400,000","-3,200,000","-3,000,000","-3,200,000","-3,000,000","-4,700,000","-1,400,000","-2,400,000","-1,800,000","-5,600,000","-4,700,000","-3,800,000","-2,900,000","-3,500,000","-2,900,000","-1,300,000","-1,900,000","-1,300,000","-2,000,000","-2,500,000","-2,000,000","-2,200,000","-2,200,000","-1,800,000","-1,300,000","-1,700,000","-1,100,000","-300,000","-700,000","-1,400,000","-400,000","-400,000","-700,000","-1,300,000","-1,000,000","-600,000","-500,000","3,500,000","-3,400,000","-2,000,000","-400,000","-1,900,000","-1,200,000","-800,000","-700,000","-1,300,000","-1,900,000","-1,100,000","-600,000","-1,900,000","-2,500,000","-900,000","-900,000","-800,000","-2,900,000","-21,500,000","-19,100,000","-8,900,000","-12,500,000","-12,000,000","-23,300,000","-17,700,000","-17,500,000","-7,400,000","-16,500,000","-10,900,000","-15,300,000","-20,300,000","-14,900,000","-1,000,000","-800,000","-100,000","-600,000","300,000","-900,000","-1,400,000","-1,500,000","-500,000","-800,000","-700,000","-1,000,000","-1,300,000","-2,400,000","-2,000,000","-2,400,000","-1,600,000","-1,500,000",,,,,,,,,,,,,,
	OtherunderPreferredStockDividend,"1,800,000","400,000",,,"500,000","400,000","100,000","300,000","500,000","500,000","0","300,000","500,000","700,000","800,000","400,000","600,000","1,100,000","-700,000","300,000","200,000","200,000","100,000","300,000","300,000","200,000","0","0","2,000,000","0","300,000","200,000","300,000","400,000","500,000","200,000","400,000","500,000",,,,,,,,,,,,,,,,,,,,,,,,,,,,,,,,,,,,,,,,,,,,,,,,,,,,,,,,,,,,,,,,,,,,,,,,,,,,,,,,,,,,,,,,,,,,,,,,,,,,,,,,,,,,
DilutedNIAvailtoComStockholders,"759,500,000","207,000,000","191,300,000","157,900,000","202,400,000","182,200,000","49,400,000","111,100,000","183,900,000","205,700,000","-3,200,000","90,100,000","174,000,000","215,000,000","31,600,000","72,400,000","129,100,000","266,100,000","530,800,000","54,900,000","74,500,000","-124,400,000","15,800,000","79,400,000","64,900,000","48,100,000","-204,100,000","-2,400,000","740,300,000","-46,800,000","76,200,000","56,100,000","108,800,000","65,200,000","26,600,000","17,700,000","117,600,000","130,400,000","100,200,000","90,000,000","104,900,000","119,100,000","77,900,000","86,800,000","107,200,000","94,000,000","-53,500,000","82,900,000","65,700,000","77,400,000","62,100,000","28,000,000","69,300,000","69,100,000","46,300,000","80,000,000","84,400,000","93,900,000","40,900,000","37,100,000","8,600,000","45,800,000","12,900,000","35,100,000","46,300,000","37,700,000","25,300,000","-4,400,000","31,200,000","64,500,000","94,500,000","29,500,000","30,700,000","5,500,000","6,300,000","-3,400,000","21,700,000","1,900,000","9,400,000","28,200,000","19,200,000","9,000,000","-32,700,000","21,300,000","-299,800,000","-26,500,000","50,000,000","-10,200,000","38,000,000","32,800,000","31,400,000","64,100,000","86,900,000","30,300,000","-7,200,000","55,400,000","67,600,000","-9,300,000","-13,200,000","62,900,000","72,800,000","39,900,000","44,600,000","54,600,000","56,300,000","55,200,000","28,400,000","57,000,000","77,700,000","52,400,000","25,300,000","34,700,000","67,300,000","46,100,000","-102,300,000","35,300,000","57,900,000","45,400,000","-226,600,000","40,000,000","65,400,000","45,500,000","30,200,000","41,700,000","62,500,000","38,700,000","27,100,000","35,500,000","54,700,000","38,000,000","32,300,000","34,800,000",,,,,,,,,,,,,,
BasicEPS,,"1.65","1.52","1.22","1.57","1.41","0.38","0.86","1.42","1.59","-0.02","0.69","1.32","1.63","0.24","0.54","0.96","1.98","3.94","0.41","0.56","-0.93","0.12","0.59","0.49","0.36","-1.53","-0.02","5.54","-0.35","0.57","0.42","0.82","0.49","0.2","0.13","0.86","0.95","0.74","0.65","0.76","0.855","0.555","0.61","0.745","0.655",,"0.57","0.45","0.53",,"0.195","0.475","0.475",,"0.54","0.57","0.63",,"0.245","0.058","0.303",,"0.228","0.3","0.248",,"-0.03","0.208","0.433",,"0.203","0.213","0.038",,"-0.025","0.155","0.013",,"0.2","0.148","0.073",,"0.17","-2.405","-0.215",,"-0.085","0.313","0.27",,"0.255","0.341","0.118",,"0.205","0.244","-0.034",,"0.236","0.244","0.134",,"0.184","0.19","0.188",,"0.189","0.258","0.175",,"0.116","0.228","0.155",,"0.119","0.195","0.154",,"0.136","0.223","0.155",,"0.143","0.215","0.134",,"0.123","0.19","0.131",,"0.12","0.193","0.105",,"0.109","0.131","0.085",,"0.108","0.351","0.068",,"0.049","0.051","0.019"
DilutedEPS,,"1.64","1.52","1.22","1.56","1.4","0.38","0.85","1.41","1.58","-0.02","0.69","1.32","1.62","0.24","0.54","0.96","1.96","3.94","0.41","0.56","-0.93","0.12","0.59","0.49","0.36","-1.53","-0.02","5.52","-0.35","0.57","0.42","0.81","0.49","0.2","0.13","0.86","0.94","0.74","0.65","0.76","0.855","0.55","0.605","0.745","0.65",,"0.565","0.45","0.53",,"0.19","0.47","0.47",,"0.525","0.55","0.615",,"0.24","0.055","0.293",,"0.223","0.29","0.238",,"-0.03","0.2","0.418",,"0.195","0.205","0.038",,"-0.025","0.153","0.013",,"0.198","0.143","0.07",,"0.165","-2.405","-0.215",,"-0.085","0.3","0.263",,"0.248","0.331","0.115",,"0.2","0.236","-0.034",,"0.229","0.238","0.131",,"0.18","0.185","0.181",,"0.188","0.258","0.174",,"0.116","0.226","0.155",,"0.118","0.188","0.149",,"0.131","0.211","0.15",,"0.138","0.214","0.134",,"0.123","0.189","0.131",,"0.12","0.193","0.105",,"0.109","0.131","0.085",,"0.108","0.35","0.068",,"0.048","0.049","0.019"
BasicAverageShares,,"126,100,000","126,600,000","128,300,000","129,100,000","129,500,000","129,800,000","129,900,000","129,700,000","129,500,000","129,700,000","130,390,000","131,100,000","131,900,000","133,700,000","134,900,000","134,800,000","134,600,000","134,500,000","134,400,000","134,200,000","134,000,000","133,900,000","134,000,000","133,900,000","133,800,000","133,700,000","133,800,000","133,700,000","133,577,000","133,500,000","133,400,000","133,300,000","133,100,000","133,300,000","134,100,000","136,300,000","137,100,000","137,600,000","137,400,000","137,200,000","142,954,000","140,400,000","142,000,000","143,200,000","143,000,000",,"144,600,000","145,000,000","144,600,000",,"144,200,000","144,400,000","144,504,000",,"147,910,000","148,662,000","149,047,619",,"151,428,571","149,565,217","151,404,959",,"154,285,714","154,333,333","152,323,232",,"146,666,667","150,361,446","149,132,948",,"145,679,012","144,470,588","146,666,667",,"136,000,000","140,000,000","152,000,000",,"141,000,000","130,169,492","124,137,931",,"124,800,000","124,800,000","123,200,000",,"121,600,000","121,600,000","121,600,000",,"122,360,000","127,160,000","127,028,000",,"132,332,000","138,108,000","138,696,000",,"147,192,000","148,848,000","149,040,000",,"148,592,000","148,420,000","147,716,000",,"146,788,000","146,196,000","146,196,000",,"145,848,000","145,500,000","145,124,000",,"143,956,000","143,900,000","143,752,000",,"142,664,000","142,532,000","142,032,000",,"140,524,000","140,280,000","139,432,000",,"139,836,000","139,412,000","138,400,000",,"137,908,000","137,020,000","135,624,000",,"135,624,000","135,624,000","135,624,000",,"180,696,000","180,144,000","180,144,000",,"180,144,000","180,144,000","180,144,000"
DilutedAverageShares,,"126,800,000","127,400,000","129,000,000","129,900,000","130,300,000","130,700,000","130,800,000","130,600,000","130,500,000","130,900,000","131,600,000","132,300,000","133,200,000","135,100,000","136,400,000","136,200,000","136,200,000","134,500,000","135,900,000","135,600,000","135,100,000","134,800,000","134,700,000","134,600,000","134,300,000","133,700,000","134,400,000","134,400,000","133,577,000","134,300,000","134,300,000","134,400,000","134,300,000","134,300,000","135,000,000","137,100,000","138,100,000","138,600,000","138,400,000","138,300,000","144,218,000","141,400,000","143,000,000","144,400,000","144,200,000",,"146,200,000","146,800,000","146,600,000",,"147,368,421","146,800,000","146,786,000",,"152,028,000","152,946,000","152,682,927",,"154,583,333","156,363,636","156,581,197",,"157,752,809","159,655,172","158,736,842",,"146,666,667","156,000,000","154,491,018",,"151,282,051","149,756,098","146,666,667",,"136,000,000","142,295,082","152,000,000",,"142,784,810","134,736,842","128,571,429",,"128,000,000","124,800,000","123,200,000",,"126,400,000","126,000,000","125,200,000",,"122,360,000","127,160,000","127,028,000",,"132,332,000","138,108,000","138,696,000",,"147,192,000","148,848,000","149,040,000",,"148,592,000","148,420,000","147,716,000",,"146,788,000","146,196,000","146,196,000",,"145,848,000","145,500,000","145,124,000",,"143,956,000","143,900,000","143,752,000",,"142,664,000","142,532,000","142,032,000",,"140,524,000","140,280,000","139,432,000",,"139,836,000","139,412,000","138,400,000",,"137,908,000","137,020,000","135,624,000",,"135,624,000","135,624,000","135,624,000",,"180,696,000","180,144,000","180,144,000",,"180,144,000","180,144,000","180,144,000"
TotalExpenses,"3,999,000,000","1,038,400,000","1,079,300,000","944,200,000","937,100,000","931,700,000","928,200,000","881,600,000","867,900,000","951,600,000","1,050,200,000","847,600,000","925,600,000","902,500,000","1,008,700,000","867,900,000","1,006,600,000","922,300,000","885,800,000","564,100,000","584,100,000","520,000,000","742,000,000","686,300,000","675,700,000","686,500,000","802,000,000","787,500,000","779,800,000","735,100,000","1,018,500,000","887,500,000","789,700,000","760,200,000","953,700,000","807,900,000","785,400,000","782,600,000","838,700,000","744,000,000","724,100,000","751,000,000","762,300,000","713,100,000","647,300,000","635,500,000","701,600,000","641,700,000","630,100,000","603,900,000","618,700,000","613,000,000","573,000,000","554,000,000","624,800,000","686,100,000","649,400,000","604,700,000","592,100,000","534,500,000","549,500,000","563,900,000","519,700,000","507,700,000","501,000,000","489,900,000","456,600,000","453,800,000","479,600,000","480,300,000","453,700,000","442,600,000","459,700,000","466,400,000","448,000,000","421,700,000","453,000,000","402,100,000","404,200,000","425,200,000","434,300,000","401,300,000","-877,300,000","887,500,000","1,232,300,000","832,200,000","994,900,000","817,600,000","844,600,000","891,900,000","933,600,000","947,600,000","949,700,000","905,400,000","979,400,000","1,022,900,000","1,034,800,000","977,300,000","1,034,200,000","971,500,000","1,325,500,000","1,192,200,000","1,296,000,000","1,152,300,000","1,152,800,000","1,020,600,000","1,142,500,000","1,078,300,000","1,004,100,000","924,900,000","986,700,000","939,700,000","934,200,000","835,600,000","1,099,700,000","873,800,000","894,300,000","828,300,000","954,200,000","907,700,000","961,100,000","843,800,000","961,800,000","888,500,000","925,000,000","799,400,000","934,500,000","861,500,000","883,400,000","735,700,000","779,100,000","762,200,000",,,,,,,,,,,,,,
NetIncomeFromContinuingAndDiscontinuedOperation,"761,300,000","207,400,000","193,100,000","157,900,000","202,900,000","182,600,000","49,500,000","111,400,000","184,400,000","206,200,000","-3,200,000","90,400,000","174,500,000","215,700,000","32,400,000","72,800,000","129,700,000","267,200,000","530,100,000","55,200,000","74,700,000","-124,200,000","15,900,000","79,700,000","65,200,000","48,300,000","-204,100,000","-2,400,000","742,300,000","-46,800,000","76,500,000","56,300,000","109,100,000","65,600,000","27,100,000","17,900,000","118,000,000","130,900,000","102,200,000","90,000,000","104,900,000","119,100,000","77,900,000","86,800,000","107,200,000","94,000,000","-53,500,000","82,900,000","65,700,000","77,400,000","72,400,000","28,000,000","69,300,000","69,100,000","46,300,000","80,000,000","84,400,000","93,900,000","40,900,000","37,100,000","8,600,000","45,800,000","12,900,000","35,100,000","46,300,000","37,700,000","25,800,000","-4,400,000","31,200,000","64,500,000","94,500,000","29,500,000","30,700,000","5,500,000","6,300,000","-3,400,000","21,700,000","1,900,000","9,400,000","28,200,000","19,200,000","9,000,000","-37,400,000","21,300,000","-299,800,000","-20,900,000","50,000,000","-10,200,000","38,000,000","32,800,000","31,400,000","64,100,000","86,900,000","30,300,000","-7,200,000","55,400,000","67,600,000","26,800,000","-8,700,000","62,900,000","72,800,000","39,900,000","44,600,000","54,600,000","56,300,000","55,200,000","28,400,000","57,000,000","77,700,000","52,400,000","25,300,000","34,700,000","67,300,000","46,100,000","-102,300,000","35,300,000","62,600,000","45,400,000","-42,900,000","42,200,000","65,400,000","54,700,000","30,200,000","41,700,000","62,500,000","38,700,000","27,100,000","35,500,000","54,700,000","38,000,000","32,300,000","34,800,000",,,,,,,,,,,,,,
NormalizedIncome,"877,620,012.774","232,041,600","249,501,747.815","169,597,100","226,603,500","196,092,800","98,405,000","135,844,400","209,294,000","219,376,000","64,902,000","114,110,200","198,734,400","210,525,200","122,398,000","95,697,500","199,828,000","264,427,100","-218,120,000","73,837,600","50,629,900","44,600,000","57,422,388.06","88,342,000","77,324,500","59,128,600","-109,520,000","44,180,000","59,305,270.092","-59,160,000","88,745,000","84,219,600","133,130,400","121,958,200","126,048,099.762","74,852,500","119,466,000","142,383,200","118,474,561.404","104,953,600","117,048,800","127,769,900","90,092,654.935","103,355,748.031","123,771,866.485","105,248,630.137","30,330,000","85,891,476.793","96,061,147.541","94,439,668.77","106,035,000","55,095,000","100,076,685.083","89,086,476.541","74,673,138.686","98,171,428.571","99,523,979.213","94,457,964.912","67,752,598.753","59,396,779.964","74,555,000","73,588,461.538","37,028,679.245","39,165,567.766","66,539,671.362","57,117,219.589","55,760,000","28,680,000","44,653,714.286","37,637,773.723","103,820,000","30,422,788.204","41,578,625.954","8,080,000","22,970,135.747","-8,740,000","21,700,000","1,900,000","25,904,635.762","28,200,000","25,350,649.351","15,300,000","-162,300,000","37,930,384.615","45,981,595.092","-14,000,000","50,000,000","56,500,000","91,904,761.905","32,800,000","52,800,000","53,340,028.694","65,926,968.716","28,591,911.765","35,500,000","55,400,000","67,600,000","26,800,000","-161,400,000","55,100,000","72,800,000","39,900,000","41,000,000","58,439,540.508","57,400,000","55,200,000","-13,393,580.247","76,380,000","75,621,309.963","50,161,281.709","16,777,188.329","26,369,102.296","56,219,292.929","28,149,557.522","-114,019,805.825","26,648,796.499","48,074,440.518","39,881,361.426","13,680,000","34,463,333.333","49,772,842.105","46,885,714.286","11,706,391.753","33,222,148.76","60,704,419.89","28,819,148.936","16,060,000","26,521,400.778","44,020,150.188","26,942,909.761","3,015,963.855","22,707,335.907",,,,,,,,,,,,,,
InterestExpense,"128,600,000","29,900,000","33,000,000","33,100,000","32,600,000","32,400,000","34,300,000","35,500,000","40,700,000","40,800,000","44,800,000","41,600,000","39,500,000","34,500,000","32,800,000","33,400,000","34,400,000","33,900,000","28,700,000","18,400,000","17,200,000","15,700,000","22,200,000","20,300,000","20,000,000","20,800,000","22,500,000","20,200,000","24,700,000","14,000,000","16,000,000","14,900,000","15,300,000","13,500,000","11,000,000","9,800,000","12,300,000","11,700,000","11,600,000","11,000,000","11,500,000",,"9,900,000","9,100,000","10,500,000","9,900,000",,,,"10,000,000",,"6,200,000","6,500,000",,,,,,,,,,,,,,,,,,,,,,,,,,,,,,,,,,,,,,,,,,,,,,,,,,,,,,,,,,,,,,,,,,,,,,,,,,,,,,,,,,,,,,,,,,,,,
NetInterestIncome,"-128,600,000","-29,900,000","-33,000,000","-33,100,000","-32,600,000","-32,400,000","-34,200,000","-35,500,000","-40,700,000","-40,800,000","-42,900,000","-41,600,000","-39,500,000","-34,500,000","-31,400,000","-33,400,000","-34,400,000","-33,900,000","-27,800,000","-18,400,000","-17,200,000","-15,700,000","-21,600,000","-20,300,000","-20,000,000","-20,800,000","-21,200,000","-20,200,000","-24,700,000","-14,000,000","-15,800,000","-14,900,000","-15,300,000","-13,500,000","-10,800,000","-9,800,000","-12,300,000","-11,700,000","-11,500,000","-11,000,000","-11,500,000","-11,300,000","-9,900,000","-9,100,000","-10,500,000","-9,900,000","-10,300,000","-9,600,000","-9,400,000","-10,000,000","-7,300,000","-6,200,000","-6,500,000","-7,000,000",,,,,,,,,,,,,,,,,,,,,,,,,,,,,,,,,,,,,,,,,,,,,,,,,,,,,,,,,,,,,,,,,,,,,,,,,,,,,,,,,,,,,,,,,,,,
EBIT,"1,068,000,000","299,000,000","273,300,000","211,900,000","283,800,000","255,900,000","141,800,000","184,400,000","265,700,000","289,200,000","111,400,000","161,100,000","264,500,000","278,400,000","195,000,000","143,000,000","174,500,000","365,700,000","43,800,000","77,700,000","69,200,000","70,100,000","75,800,000","115,500,000","124,800,000","106,500,000","-54,000,000","500,000","100,600,000","-96,200,000","85,800,000","102,900,000","182,700,000","173,300,000","179,400,000","118,300,000","168,300,000","199,200,000","148,400,000","146,300,000","175,200,000","189,700,000","116,600,000","149,000,000","164,900,000","159,500,000","-40,100,000","130,800,000","146,700,000","152,600,000","-26,900,000","100,300,000","127,300,000","136,500,000","50,400,000","134,700,000","157,200,000","145,500,000","82,200,000","92,100,000","108,400,000","110,200,000","68,700,000","64,500,000","91,300,000","104,200,000","65,600,000","56,200,000","86,000,000","72,100,000","60,000,000","54,900,000","74,600,000","39,300,000","58,900,000","48,800,000","57,000,000","31,900,000","55,500,000","51,400,000","48,100,000","32,900,000","-14,400,000","69,300,000","-231,000,000","44,400,000","84,900,000","101,600,000","122,900,000","67,100,000","97,600,000","86,700,000","120,700,000","69,300,000","76,200,000","105,800,000","120,300,000","61,700,000","48,400,000","103,200,000","152,600,000","105,500,000","111,600,000","120,800,000","114,000,000","123,700,000","19,000,000","98,000,000","135,700,000","107,200,000","52,400,000","69,900,000","119,600,000","72,700,000","-153,300,000","52,700,000","85,000,000","73,400,000","48,300,000","68,600,000","100,000,000","90,100,000","46,100,000","78,900,000","121,700,000","78,000,000","46,000,000","79,500,000","103,900,000","77,800,000","43,600,000","75,400,000","917,100,000","837,100,000","-2,123,700,000","798,200,000","892,700,000","713,900,000","-2,013,900,000","730,000,000","828,500,000","724,300,000","-1,975,800,000","664,900,000","807,400,000","752,300,000"
EBITDA,"1,238,700,000"
ReconciledCostOfRevenue,"2,968,400,000","778,100,000","798,900,000","681,200,000","710,200,000","683,200,000","650,800,000","618,200,000","632,600,000","688,500,000","641,300,000","581,900,000","655,600,000","647,400,000","677,300,000","589,400,000","718,200,000","656,000,000","594,800,000","380,300,000","422,400,000","379,800,000","528,000,000","528,200,000","509,000,000","517,400,000","600,700,000","610,400,000","581,300,000","408,700,000","727,000,000","692,200,000","630,200,000","613,300,000","775,800,000","653,000,000","616,500,000","620,500,000","659,400,000","586,900,000","567,400,000","593,400,000","615,500,000","574,700,000","513,400,000","506,900,000","546,100,000","517,800,000","512,200,000","489,500,000","502,400,000","510,000,000","477,300,000","453,900,000","518,000,000","580,800,000","536,400,000","499,200,000","478,700,000","440,200,000","447,900,000","463,300,000","415,600,000","412,600,000","407,900,000","400,400,000","360,100,000","367,800,000","387,400,000","390,200,000","359,300,000","359,700,000","377,600,000","377,600,000","360,200,000","344,400,000","370,700,000","325,200,000","329,700,000","350,100,000","356,200,000","322,800,000","-710,100,000","726,700,000","733,400,000","660,900,000","779,900,000","611,200,000","620,600,000","671,400,000","706,800,000","729,900,000","715,800,000","675,100,000","728,800,000","790,900,000","796,900,000","720,700,000","769,600,000","733,300,000","1,016,000,000","914,500,000","978,800,000","872,500,000","885,200,000","747,600,000","852,500,000","792,500,000","751,300,000","686,900,000","724,600,000","693,800,000","693,200,000","601,000,000","676,200,000","651,900,000","673,600,000","606,900,000","704,400,000","688,000,000","728,100,000","634,300,000","728,200,000","681,500,000","710,200,000","598,900,000","711,600,000","649,900,000","665,900,000","532,600,000","446,600,000","610,800,000",,,,,,,,,,,,,,
ReconciledDepreciation,"170,700,000","42,400,000","42,400,000","43,400,000","42,500,000","42,600,000","42,000,000","41,500,000","40,100,000","39,100,000","39,000,000","36,600,000","37,200,000","37,300,000","43,500,000","42,400,000","43,200,000","39,100,000","41,800,000","25,100,000","22,500,000","23,600,000","35,600,000","34,300,000","33,600,000","33,600,000","23,500,000","38,000,000","31,400,000","22,800,000","33,200,000","32,300,000","32,600,000","33,100,000","35,500,000","23,700,000","34,300,000","33,700,000","37,400,000","33,700,000","34,500,000","32,200,000","32,300,000","31,600,000","32,300,000","30,400,000","34,600,000","32,500,000","32,600,000","33,900,000","33,700,000","32,300,000","30,900,000","30,300,000","29,900,000","32,600,000","30,700,000","31,000,000","33,000,000","32,300,000","33,900,000","34,500,000","33,800,000","32,400,000","33,500,000","32,100,000","32,500,000","33,700,000","35,500,000","34,600,000","34,300,000","33,300,000","33,500,000","33,200,000","31,900,000","31,300,000","30,900,000","30,500,000","29,800,000","33,600,000","29,200,000","26,200,000","-6,600,000","41,900,000","50,300,000","46,000,000","47,200,000","46,000,000","50,000,000","45,700,000","46,400,000","45,100,000","45,700,000","43,500,000","52,500,000","51,700,000","49,200,000","53,200,000","57,800,000","46,000,000","71,100,000","63,500,000","67,500,000","62,400,000","59,300,000","65,000,000","66,200,000","65,000,000","58,800,000","58,900,000","63,200,000","56,300,000","55,600,000","53,900,000","61,400,000","52,400,000","53,600,000","59,200,000","60,900,000","58,100,000","58,500,000","55,600,000","59,600,000","55,900,000","54,700,000","54,700,000","59,700,000","48,900,000","52,800,000","49,800,000","64,500,000","44,400,000",,,,,,,,,,,,,,
NetIncomeFromContinuingOperationNetMinorityInterest,"836,600,000","222,600,000","228,900,000","167,600,000","217,500,000","190,700,000","41,100,000","129,800,000","195,200,000","213,700,000","30,300,000","111,700,000","192,600,000","206,100,000","171,600,000","77,500,000","135,700,000","260,700,000","-248,900,000","70,300,000","48,100,000","44,600,000","34,700,000","82,700,000","71,000,000","54,400,000","-181,700,000","2,600,000","54,100,000","-62,400,000","82,700,000","76,800,000","121,700,000","115,700,000","128,100,000","74,500,000","116,100,000","136,100,000","110,600,000","96,300,000","113,000,000","126,500,000","86,500,000","93,100,000","116,100,000","102,000,000","-45,200,000","83,200,000","85,000,000","83,100,000","74,900,000","34,100,000","74,500,000","73,500,000","51,100,000","85,900,000","92,200,000","100,300,000","45,900,000","41,400,000","14,300,000","55,100,000","32,600,000","38,600,000","35,300,000","38,300,000","45,200,000","-3,000,000","33,300,000","35,500,000","97,400,000","30,100,000","40,800,000","7,300,000","19,600,000","-3,400,000","21,700,000","1,900,000","12,700,000","28,200,000","19,200,000","9,000,000","-6,900,000","21,300,000","-299,800,000","-20,900,000","50,000,000","56,500,000","38,000,000","32,800,000","52,800,000","64,100,000","68,900,000","30,300,000","35,500,000","55,400,000","67,600,000","26,800,000","-161,400,000","55,100,000","72,800,000","39,900,000","44,600,000","59,300,000","57,400,000","55,200,000","28,400,000","57,000,000","77,700,000","52,400,000","25,300,000","34,700,000","67,300,000","46,100,000","-102,300,000","35,300,000","62,600,000","45,400,000","30,300,000","42,200,000","65,400,000","54,700,000","30,200,000","41,700,000","62,500,000","38,700,000","27,100,000","35,500,000","54,700,000","38,000,000","32,300,000","34,800,000",,,,,,,,,,,,,,
TotalUnusualItemsExcludingGoodwill,"-46,000,000","-11,200,000","-22,200,000","-2,100,000","-10,500,000","-6,300,000","-78,500,000","-6,900,000","-16,200,000","-6,600,000","-47,400,000","-2,600,000","-7,100,000","-5,200,000","67,400,000","-25,100,000","-76,800,000","-4,700,000","-51,300,000","-4,400,000","-2,700,000","0","-34,600,000","-6,500,000","-9,100,000","-7,400,000","-120,300,000","-69,300,000","-6,800,000","-5,400,000","-9,300,000","-8,100,000","-15,200,000","-8,300,000","2,600,000","-500,000","-4,400,000","-8,400,000","-9,400,000","-11,600,000","-5,600,000","-1,700,000","-5,200,000","-13,400,000","-9,300,000","-4,500,000","-116,200,000","-3,700,000","-15,300,000","-16,700,000","-47,900,000","-32,300,000","-30,100,000","-22,500,000","-31,600,000","-15,600,000","-10,700,000","8,300,000","-22,900,000","-24,300,000","-92,700,000","-25,300,000","-7,200,000","-800,000","-37,700,000","-31,100,000","-17,600,000","-52,800,000","-17,900,000","-3,300,000","-10,700,000","-400,000","-1,000,000","-1,300,000","-3,800,000","8,900,000",,,"-15,700,000",,"-7,400,000","-7,000,000","259,000,000","-20,300,000","-507,600,000","-11,500,000","0",,"-56,600,000",,"0","11,700,000","4,000,000","2,300,000",,,,,,,,,"6,000,000","1,200,000",,,"59,600,000","-32,300,000","2,900,000","3,200,000","12,700,000","11,500,000","16,300,000","26,400,000","17,700,000","11,200,000","19,700,000","7,500,000","27,700,000","9,900,000","22,700,000","11,000,000","29,700,000","12,300,000","2,600,000","14,400,000","18,400,000","13,000,000","15,600,000","15,800,000","30,100,000","18,000,000",,,,,,,,,,,,,,
TotalUnusualItems,"-46,000,000","-11,200,000","-22,200,000","-2,100,000","-10,500,000","-6,300,000","-78,500,000","-6,900,000","-16,200,000","-6,600,000","-47,400,000","-2,600,000","-7,100,000","-5,200,000","67,400,000","-25,100,000","-76,800,000","-4,700,000","-51,300,000","-4,400,000","-2,700,000","0","-34,600,000","-6,500,000","-9,100,000","-7,400,000","-120,300,000","-69,300,000","-6,800,000","-5,400,000","-9,300,000","-8,100,000","-15,200,000","-8,300,000","2,600,000","-500,000","-4,400,000","-8,400,000","-9,400,000","-11,600,000","-5,600,000","-1,700,000","-5,200,000","-13,400,000","-9,300,000","-4,500,000","-116,200,000","-3,700,000","-15,300,000","-16,700,000","-47,900,000","-32,300,000","-30,100,000","-22,500,000","-31,600,000","-15,600,000","-10,700,000","8,300,000","-22,900,000","-24,300,000","-92,700,000","-25,300,000","-7,200,000","-800,000","-37,700,000","-31,100,000","-17,600,000","-52,800,000","-17,900,000","-3,300,000","-10,700,000","-400,000","-1,000,000","-1,300,000","-3,800,000","8,900,000",,,"-15,700,000",,"-7,400,000","-7,000,000","259,000,000","-20,300,000","-507,600,000","-11,500,000","0",,"-56,600,000",,"0","11,700,000","4,000,000","2,300,000",,,,,,,,,"6,000,000","1,200,000",,,"59,600,000","-32,300,000","2,900,000","3,200,000","12,700,000","11,500,000","16,300,000","26,400,000","17,700,000","11,200,000","19,700,000","7,500,000","27,700,000","9,900,000","22,700,000","11,000,000","29,700,000","12,300,000","2,600,000","14,400,000","18,400,000","13,000,000","15,600,000","15,800,000","30,100,000","18,000,000",,,,,,,,,,,,,,
NormalizedEBITDA,"1,284,700,000","352,600,000","337,900,000","257,400,000","336,800,000","304,800,000","262,300,000","232,800,000","322,000,000","334,900,000","197,800,000","200,300,000","308,800,000","320,900,000","171,100,000","210,500,000","294,500,000","409,500,000","136,900,000","107,200,000","94,400,000","93,700,000","146,000,000","156,300,000","167,500,000","147,500,000","89,800,000","107,800,000","138,800,000","-68,000,000","128,300,000","143,300,000","230,500,000","214,700,000","212,300,000","142,500,000","207,000,000","241,300,000","195,200,000","191,600,000","215,300,000","223,600,000","154,100,000","194,000,000","206,500,000","194,400,000","110,700,000","167,000,000","194,600,000","203,200,000","54,700,000","164,900,000","188,300,000","189,300,000","111,900,000","182,900,000","198,600,000","168,200,000","138,100,000","148,700,000","235,000,000","170,000,000","109,700,000","97,700,000","162,500,000","167,400,000","115,700,000","142,700,000","139,400,000","110,000,000","105,000,000","88,600,000","109,100,000","73,800,000","94,600,000","71,200,000","87,900,000","62,400,000","101,000,000","85,000,000","84,700,000","66,100,000","-273,400,000","131,500,000","326,900,000","101,900,000","132,100,000","147,600,000","229,500,000","112,800,000","144,000,000","120,100,000","162,400,000","110,500,000","128,700,000","157,500,000","169,500,000","114,900,000","106,200,000","149,200,000","223,700,000","169,000,000","173,100,000","182,000,000","173,300,000","188,700,000","25,600,000","195,300,000","191,600,000","162,900,000","102,900,000","114,700,000","158,900,000","100,200,000","-109,600,000","93,900,000","118,900,000","125,100,000","81,500,000","116,800,000","135,800,000","134,700,000","76,000,000","122,500,000","173,800,000","118,300,000","87,300,000","115,400,000","141,100,000","111,800,000","78,000,000","101,800,000","917,100,000","837,100,000","-2,123,700,000","798,200,000","892,700,000","713,900,000","-2,013,900,000","730,000,000","828,500,000","724,300,000","-1,975,800,000","664,900,000","807,400,000","752,300,000"
TaxRateForCalcs,"0.108","0.157","0.072","0.049","0.133","0.144","0.27","0.124","0.13","0.14","0.27","0.073","0.136","0.149","0.27","0.275","0.165","0.207","0.4","0.196","0.063","0.173","0.343","0.132","0.305","0.361","0.4","0.4","0.235","0.4","0.35","0.084","0.248","0.246","0.211","0.295","0.235","0.252","0.162","0.254","0.277","0.253","0.309","0.235","0.175","0.278","0.35","0.273","0.277","0.321","0.35","0.35","0.15","0.307","0.254","0.213","0.316","0.296","0.046","0.259","0.35","0.269","0.385","0.293","0.171","0.395","0.4","0.4","0.366","0.352","0.4","0.193","0.221","0.4","0.113","0.4","0.225","0.208","0.159","0.264","0.169","0.1","0.4","0.181","0.319","0.4","0.224","0.246","0.048","0.244","0.257","0.08","0.257","0.257","0.249","0.259","0.259","0.26","0.326","0.24","0.289","0.291","0.4","0.283","0.276","0.29","0.299","0.4","0.283","0.3","0.329","0.276","0.32","0.32","0.338","0.228","0.263","0.264","0.4","0.219","0.312","0.29","0.377","0.311","0.309","0.314","0.4","0.309","0.315","0.3","0.027","0.328",,,,,,,,,,,,,,
TaxEffectOfUnusualItems,"-4,979,987.226","-1,758,400","-1,598,252.185","-102,900","-1,396,500","-907,200","-21,195,000","-855,600","-2,106,000","-924,000","-12,798,000","-189,800","-965,600","-774,800","18,198,000","-6,902,500","-12,672,000","-972,900","-20,520,000","-862,400","-170,100","0","-11,877,611.94","-858,000","-2,775,500","-2,671,400","-48,120,000","-27,720,000","-1,594,729.908","-2,160,000","-3,255,000","-680,400","-3,769,600","-2,041,800","548,099.762","-147,500","-1,034,000","-2,116,800","-1,525,438.596","-2,946,400","-1,551,200","-430,100","-1,607,345.065","-3,144,251.969","-1,628,133.515","-1,251,369.863","-40,670,000","-1,008,523.207","-4,238,852.459","-5,360,331.23","-16,765,000","-11,305,000","-4,523,314.917","-6,913,523.459","-8,026,861.314","-3,328,571.429","-3,376,020.787","2,457,964.912","-1,047,401.247","-6,303,220.036","-32,445,000","-6,811,538.462","-2,771,320.755","-234,432.234","-6,460,328.638","-12,282,780.411","-7,040,000","-21,120,000","-6,546,285.714","-1,162,226.277","-4,280,000","-77,211.796","-221,374.046","-520,000","-429,864.253","3,560,000","0","0","-2,495,364.238","0","-1,249,350.649","-700,000","103,600,000","-3,669,615.385","-161,818,404.908","-4,600,000","0","0","-2,695,238.095","0","0","940,028.694","1,026,968.716","591,911.765","0","0","0","0","0","0","0","0","2,400,000","339,540.508","0","0","17,806,419.753","-12,920,000","821,309.963","961,281.709","4,177,188.329","3,169,102.296","5,219,292.929","8,449,557.522","5,980,194.175","2,548,796.499","5,174,440.518","1,981,361.426","11,080,000","2,163,333.333","7,072,842.105","3,185,714.286","11,206,391.753","3,822,148.76","804,419.89","4,519,148.936","7,360,000","4,021,400.778","4,920,150.188","4,742,909.761","815,963.855","5,907,335.907",,,,,,,,,,,,,,