name,ttm,03/31/2022,12/31/2021,09/30/2021,06/30/2021,03/31/2021,12/31/2020,09/30/2020,06/30/2020,03/31/2020,12/31/2019,09/30/2019,06/30/2019,03/31/2019,12/31/2018,09/30/2018,06/30/2018,03/31/2018,12/31/2017,09/30/2017,06/30/2017,03/31/2017,12/31/2016,09/30/2016,06/30/2016,03/31/2016,12/31/2015,09/30/2015,06/30/2015,03/31/2015,12/31/2014,09/30/2014,06/30/2014,03/31/2014,12/31/2013,09/30/2013,06/30/2013,03/31/2013,12/31/2012,09/30/2012,06/30/2012,03/31/2012,12/31/2011,09/30/2011,06/30/2011,03/31/2011,12/31/2010,09/30/2010,06/30/2010,03/31/2010,12/31/2009,09/30/2009,06/30/2009,03/31/2009,12/31/2008,09/30/2008,06/30/2008,03/31/2008,12/31/2007,09/30/2007,06/30/2007,03/31/2007,12/31/2006,09/30/2006,06/30/2006,03/31/2006,12/31/2005,09/30/2005,06/30/2005,03/31/2005,12/31/2004,09/30/2004,06/30/2004,03/31/2004,12/31/2003,09/30/2003,06/30/2003,03/31/2003,12/31/2002,09/30/2002,06/30/2002,03/31/2002,12/31/2001,09/30/2001,06/30/2001,03/31/2001,12/31/2000,09/30/2000,06/30/2000,03/31/2000,12/31/1999,09/30/1999,06/30/1999,03/31/1999,12/31/1998,09/30/1998,06/30/1998,03/31/1998,12/31/1997,09/30/1997,06/30/1997,03/31/1997,12/31/1996,09/30/1996,06/30/1996,03/31/1996,12/31/1995,09/30/1995,06/30/1995,03/31/1995,12/31/1994,09/30/1994,06/30/1994,03/31/1994,12/31/1993,09/30/1993,06/30/1993,03/31/1993,12/31/1992,09/30/1992,06/30/1992,03/31/1992,12/31/1991,09/30/1991,06/30/1991,03/31/1991,12/31/1990,09/30/1990,06/30/1990,03/31/1990,12/31/1989,09/30/1989,06/30/1989,03/31/1989,12/31/1988,09/30/1988,06/30/1988,03/31/1988,12/31/1987,09/30/1987,06/30/1987,11/30/1986,08/31/1986,05/31/1986,02/28/1986,11/30/1985,08/31/1985
TotalRevenue,"7,388,791,000,000","1,965,435,000,000","1,889,802,000,000","1,741,133,000,000","1,792,421,000,000","1,825,505,000,000","1,814,134,000,000","1,667,243,000,000","1,391,912,000,000","1,734,967,000,000","1,911,210,000,000","1,953,295,000,000","1,891,129,000,000","1,919,748,000,000","2,074,807,000,000","1,999,443,000,000","2,008,735,000,000","2,069,998,000,000","2,054,302,000,000","1,992,589,000,000","1,865,275,000,000","1,993,679,000,000","1,854,537,000,000","1,746,978,000,000","1,748,513,000,000","1,882,403,000,000","1,910,886,000,000","1,902,585,000,000","1,857,843,000,000","1,995,704,000,000","1,996,450,000,000","1,870,603,000,000","1,852,280,000,000","2,056,730,000,000","1,973,491,000,000","1,881,805,000,000","1,824,515,000,000","1,863,382,000,000","1,801,503,000,000","1,823,662,000,000","1,814,498,000,000","1,880,818,000,000","1,960,200,000,000","2,075,650,000,000","1,929,548,000,000","2,039,311,000,000","2,285,413,000,000","2,206,822,000,000","2,161,126,000,000","2,198,096,000,000","1,886,588,000,000","1,737,838,000,000","1,595,458,000,000","1,548,107,486,020","1,878,042,230,430","2,183,532,923,280","2,154,524,234,270","2,307,234,209,540","2,298,647,629,460","2,282,158,146,040","2,242,379,400,030","2,280,047,976,280","2,437,711,973,340","2,197,370,281,270","2,139,601,447,900","2,229,372,681,480","2,400,699,185,020","2,141,608,998,760","2,065,331,889,600","2,191,447,095,080","2,265,750,108,400","2,197,534,933,080","2,116,693,893,880","1,971,526,396,116.15","2,035,817,772,240","1,884,701,117,160","1,760,119,774,560","1,926,664,716,920","1,848,794,356,750","1,767,340,013,640","1,764,354,387,620","1,779,577,869,540","1,732,622,486,640","1,717,620,621,310","1,684,607,026,620","2,007,550,381,580","1,985,856,999,850","1,966,998,651,120","1,774,393,894,490","1,834,283,184,600","1,871,459,344,950","1,825,051,844,770","1,758,332,314,440","1,856,068,111,955","1,903,772,305,200","2,043,133,955,980","1,848,327,114,720","1,869,121,485,075","2,095,472,037,740","1,997,650,326,240","1,903,255,272,240","2,023,601,430,670","2,033,022,727,200","1,891,683,569,810","1,732,206,377,600","1,806,212,995,896","1,832,454,834,920","1,705,666,453,400","1,530,275,183,385","896,011,889,980","2,074,647,717,768","172,643,938,740","164,059,654,018","1,630,336,731,696","1,758,108,051,450","1,625,303,542,128","1,606,470,231,520","1,183,216,140,480","2,025,671,434,016","1,858,230,460,432","1,857,619,174,224","2,198,455,381,880","1,752,767,210,734","1,862,498,387,048","1,934,052,968,256","1,594,626,473,415","1,783,018,754,760","1,667,131,947,992","1,577,903,578,365","1,878,991,342,008","1,477,321,073,232","1,492,499,172,931","1,403,043,087,880","1,290,004,842,197","1,515,470,625,920","1,368,759,201,140","1,323,351,893,255","1,184,313,127,515","1,308,903,719,200","1,195,205,014,806","1,159,117,344,550","1,328,148,857,238","1,021,388,401,686","1,256,355,613,458","1,142,313,924,555","1,393,290,873,945","1,228,779,217,076"
	OperatingRevenue,"7,388,791,000,000","1,965,435,000,000","1,889,802,000,000","1,741,133,000,000","1,792,421,000,000","1,825,505,000,000","1,814,134,000,000","1,667,243,000,000","1,391,912,000,000","1,734,967,000,000","1,911,210,000,000","1,953,295,000,000","1,891,129,000,000","1,919,748,000,000","2,074,807,000,000","1,999,443,000,000","2,008,735,000,000","2,069,998,000,000","2,054,302,000,000","1,992,589,000,000","1,865,275,000,000","1,993,679,000,000","1,854,537,000,000","1,746,978,000,000","1,748,513,000,000","1,882,403,000,000","1,910,886,000,000","1,902,585,000,000","1,857,843,000,000","1,995,704,000,000","1,996,450,000,000","1,870,603,000,000","1,852,280,000,000","2,056,730,000,000","1,973,491,000,000","1,881,805,000,000","1,824,515,000,000","1,863,382,000,000","1,801,503,000,000","1,823,662,000,000","1,814,498,000,000","1,880,818,000,000","1,960,200,000,000","2,075,650,000,000","1,929,548,000,000","2,039,311,000,000","2,285,413,000,000","2,206,822,000,000","2,161,126,000,000","2,198,096,000,000","1,886,588,000,000","1,737,838,000,000","1,595,458,000,000","1,548,107,486,020","1,878,042,230,430","2,183,532,923,280","2,154,524,234,270","2,307,234,209,540","2,298,647,629,460","2,282,158,146,040","2,242,379,400,030","2,280,047,976,280","2,437,711,973,340","2,197,370,281,270","2,139,601,447,900","2,229,372,681,480","2,400,699,185,020","2,141,608,998,760","2,065,331,889,600","2,191,447,095,080","2,265,750,108,400","2,197,534,933,080","2,116,693,893,880","1,971,526,396,116.15","2,035,817,772,240","1,884,701,117,160","1,760,119,774,560","1,926,664,716,920","1,848,794,356,750","1,767,340,013,640","1,764,354,387,620","1,779,577,869,540","1,732,622,486,640","1,717,620,621,310","1,684,607,026,620","2,007,550,381,580","1,985,856,999,850","1,966,998,651,120","1,774,393,894,490","1,834,283,184,600","1,871,459,344,950","1,825,051,844,770","1,758,332,314,440","1,856,068,111,955","1,903,772,305,200","2,043,133,955,980","1,848,327,114,720","1,869,121,485,075","2,095,472,037,740","1,997,650,326,240","1,903,255,272,240","2,023,601,430,670","2,033,022,727,200","1,891,683,569,810","1,732,206,377,600","1,806,212,995,896","1,832,454,834,920","1,705,666,453,400","1,530,275,183,385","896,011,889,980","2,074,647,717,768","172,643,938,740","164,059,654,018","1,630,336,731,696","1,758,108,051,450","1,625,303,542,128","1,606,470,231,520","1,183,216,140,480","2,025,671,434,016","1,858,230,460,432","1,857,619,174,224","2,198,455,381,880","1,752,767,210,734","1,862,498,387,048","1,934,052,968,256","1,594,626,473,415","1,783,018,754,760","1,667,131,947,992","1,577,903,578,365","1,878,991,342,008","1,477,321,073,232","1,492,499,172,931","1,403,043,087,880","1,290,004,842,197","1,515,470,625,920","1,368,759,201,140","1,323,351,893,255","1,184,313,127,515","1,308,903,719,200","1,195,205,014,806","1,159,117,344,550","1,328,148,857,238","1,021,388,401,686","1,256,355,613,458","1,142,313,924,555","1,393,290,873,945","1,228,779,217,076"
CostOfRevenue,"5,306,580,000,000","1,419,864,000,000","1,363,127,000,000","1,257,696,000,000","1,265,893,000,000","1,269,885,000,000","1,263,646,000,000","1,180,691,000,000","1,009,721,000,000","1,229,801,000,000","1,350,750,000,000","1,400,797,000,000","1,358,209,000,000","1,353,561,000,000","1,494,696,000,000","1,440,335,000,000","1,447,642,000,000","1,477,015,000,000","1,444,982,000,000","1,403,664,000,000","1,317,291,000,000","1,347,962,000,000","1,317,344,000,000","1,244,923,000,000","1,246,934,000,000","1,308,616,000,000","1,349,360,000,000","1,347,958,000,000","1,334,065,000,000","1,414,406,000,000","1,429,487,000,000","1,351,444,000,000","1,331,876,000,000","1,503,619,000,000","1,415,814,000,000","1,383,032,000,000","1,336,404,000,000","1,367,255,000,000","1,342,620,000,000","1,359,018,000,000","1,350,995,000,000","1,382,268,000,000","1,487,926,000,000","1,538,814,000,000","1,455,507,000,000","1,498,347,000,000","1,691,283,000,000","1,628,763,000,000","1,570,787,000,000","1,588,951,000,000","1,328,571,000,000","1,252,666,000,000","1,170,871,000,000","1,203,792,405,440","1,367,962,291,920","1,567,023,433,440","1,527,612,588,640","1,588,221,999,060","1,608,025,062,970","1,634,918,989,810","1,590,122,504,190","1,590,697,019,110","1,717,992,928,960","1,551,980,546,190","1,496,220,784,500","1,541,884,450,470","1,652,710,011,610","1,500,397,149,020","1,420,775,304,720","1,535,327,692,180","1,609,378,247,000","1,595,466,045,360","1,476,563,376,520","1,310,039,396,288.65","1,426,166,274,390","1,348,907,195,260","1,238,802,405,120","1,449,467,390,810","1,284,950,681,100","1,261,499,168,370","1,253,525,864,880","1,355,689,017,280","1,280,674,078,720","1,296,010,885,440","1,229,591,001,660","1,489,770,046,750","1,392,288,961,400","1,377,039,625,200","1,260,253,686,440","987,837,947,650","1,289,907,009,300","1,296,593,527,130","1,243,728,026,660","947,241,105,880","1,317,146,117,320","1,433,190,128,500","1,286,910,257,340",,,"1,398,403,428,400",,,,"1,330,895,919,470",,,,"1,193,374,614,620",,,,,,,,,,,,,,,,,,,,,,,,,,,,,,,,,,,,,,,
GrossProfit,"2,082,211,000,000","545,571,000,000","526,675,000,000","483,437,000,000","526,528,000,000","555,620,000,000","550,488,000,000","486,552,000,000","382,191,000,000","505,166,000,000","560,460,000,000","552,498,000,000","532,920,000,000","566,187,000,000","580,111,000,000","559,108,000,000","561,093,000,000","592,983,000,000","609,320,000,000","588,925,000,000","547,984,000,000","645,717,000,000","537,193,000,000","502,055,000,000","501,579,000,000","573,787,000,000","561,526,000,000","554,627,000,000","523,778,000,000","581,298,000,000","566,963,000,000","519,159,000,000","520,404,000,000","553,111,000,000","557,677,000,000","498,773,000,000","488,111,000,000","496,127,000,000","458,883,000,000","464,644,000,000","463,503,000,000","498,550,000,000","472,274,000,000","536,836,000,000","474,041,000,000","540,964,000,000","594,130,000,000","578,059,000,000","590,339,000,000","609,145,000,000","558,017,000,000","485,172,000,000","424,587,000,000","344,315,080,580","510,079,938,510","616,509,489,840","626,911,645,630","719,012,210,480","690,622,566,490","647,239,156,230","652,256,895,840","689,350,957,170","719,719,044,380","645,389,735,080","643,380,663,400","687,488,231,010","747,989,173,410","641,211,849,740","644,556,584,880","656,119,402,900","656,371,861,400","602,068,887,720","640,130,517,360","661,486,999,827.5","609,651,497,850","535,793,921,900","521,317,369,440","477,197,326,110","563,843,675,650","505,840,845,270","510,828,522,740","423,888,852,260","451,948,407,920","421,609,735,870","455,016,024,960","517,780,334,830","593,568,038,450","589,959,025,920","514,140,208,050","846,445,236,950","581,552,335,650","528,458,317,640","514,604,287,780","908,827,006,075","586,626,187,880","609,943,827,480","561,416,857,380",,,"599,246,897,840",,,,"560,787,650,340",,,,"512,291,838,780",,,,,,,,,,,,,,,,,,,,,,,,,,,,,,,,,,,,,,,
OperatingExpense,"1,712,048,000,000","461,273,000,000","452,439,000,000","382,733,000,000","415,603,000,000","520,989,000,000","417,313,000,000","392,630,000,000","364,566,000,000","453,839,000,000","461,294,000,000","469,966,000,000","477,492,000,000","452,047,000,000","485,583,000,000","465,891,000,000","462,333,000,000","532,712,000,000","491,684,000,000","478,486,000,000","465,865,000,000","617,868,000,000","441,263,000,000","424,360,000,000","434,647,000,000","490,828,000,000","438,839,000,000","428,247,000,000","437,518,000,000","489,658,000,000","438,049,000,000","424,466,000,000","438,118,000,000","401,203,000,000","415,647,000,000","389,868,000,000","423,910,000,000","435,753,000,000","386,948,000,000","415,881,000,000","424,900,000,000","494,365,000,000","480,333,000,000","494,813,000,000","468,465,000,000","500,042,000,000","498,766,000,000","492,929,000,000","506,501,000,000","524,120,000,000","458,752,000,000","437,240,000,000","466,356,000,000","525,710,164,580","483,835,839,840","498,463,499,520","517,204,762,700","578,794,664,480","528,445,297,680","501,418,022,930","578,237,561,550","573,164,597,690","583,893,799,650","504,697,605,560","578,218,043,700","574,118,893,650","618,422,755,720","517,757,860,620","598,191,991,440","646,292,486,220","559,409,002,400","446,241,882,600","592,495,932,480","496,099,881,959.55","502,520,126,460","475,022,290,800","501,317,369,280","451,797,223,310","520,845,695,750","483,207,600,810","496,247,081,520","641,542,103,180","379,278,579,440","458,764,915,200","493,931,869,200","486,995,960,710","534,428,994,650","511,456,413,600","492,916,670,050","807,128,262,150","527,047,782,300","477,972,054,390","500,181,793,610","870,762,956,335","536,155,144,720","536,471,455,260","528,768,265,080",,,"501,159,832,720",,,,"474,452,642,590",,,,"450,142,048,980",,,,,,,,,,,,,,,,,,,,,,,,,,,,,,,,,,,,,,,
	SellingGeneralAndAdministration,"1,724,511,000,000","475,162,000,000","439,196,000,000","403,082,000,000","407,071,000,000","480,391,000,000","407,707,000,000","391,512,000,000","388,086,000,000","470,286,000,000","465,131,000,000","458,410,000,000","470,554,000,000","509,650,000,000","483,446,000,000","466,860,000,000","479,511,000,000","519,187,000,000","484,615,000,000","466,015,000,000","468,193,000,000","542,658,000,000","441,263,000,000","424,360,000,000","434,647,000,000","478,332,000,000","441,722,000,000","430,735,000,000","447,220,000,000","489,658,000,000","453,669,000,000","424,466,000,000","438,118,000,000","511,173,000,000","441,090,000,000","416,385,000,000","423,910,000,000","457,144,000,000","424,296,000,000","415,881,000,000","424,900,000,000","-284,987,000,000","480,333,000,000","494,813,000,000","468,465,000,000","500,042,000,000","498,766,000,000","492,929,000,000","506,501,000,000","524,120,000,000","458,752,000,000","437,240,000,000","466,356,000,000","525,710,164,580","483,835,839,840","498,463,499,520","517,204,762,700","578,794,664,480","528,445,297,680","501,418,022,930","578,237,561,550","573,164,597,690","583,893,799,650","504,697,605,560","578,103,522,400","574,118,893,650","618,422,755,720","517,757,860,620","598,191,991,440","588,833,014,220","569,259,197,600","490,150,763,280","596,411,103,840","459,209,800,119.55","538,552,299,420","475,914,351,440","501,317,369,280","440,038,107,260","521,439,590,500","483,207,600,810","496,247,081,520","490,936,516,620","521,458,678,640","458,764,915,200","493,931,869,200","486,995,960,710","534,428,994,650","511,456,413,600","492,916,670,050","-84,466,460,450","527,047,782,300","477,972,054,390","500,181,793,610","4,239,206,905","536,155,144,720","536,471,455,260","528,768,265,080",,,"501,159,832,720",,,,"474,452,642,590",,,,"450,142,048,980",,,,,,,,,,,,,,,,,,,,,,,,,,,,,,,,,,,,,,,
		GeneralAndAdministrativeExpense,"1,724,511,000,000","475,162,000,000","439,196,000,000","403,082,000,000","407,071,000,000","480,391,000,000","407,707,000,000","391,512,000,000","388,086,000,000","470,286,000,000","465,131,000,000","458,410,000,000","470,554,000,000","509,650,000,000","483,446,000,000","466,860,000,000","479,511,000,000","519,187,000,000","484,615,000,000","466,015,000,000","468,193,000,000","542,658,000,000","441,263,000,000","424,360,000,000","434,647,000,000","478,332,000,000","441,722,000,000","430,735,000,000","447,220,000,000","489,658,000,000","453,669,000,000","424,466,000,000","438,118,000,000","511,173,000,000","441,090,000,000","416,385,000,000","423,910,000,000","457,144,000,000","424,296,000,000","415,881,000,000","424,900,000,000","-422,929,000,000","480,333,000,000","494,813,000,000","468,465,000,000","500,042,000,000","498,766,000,000","492,929,000,000","506,501,000,000","524,120,000,000","458,752,000,000","437,240,000,000","466,356,000,000","525,710,164,580","483,835,839,840","498,463,499,520","517,204,762,700","578,794,664,480","528,445,297,680","501,418,022,930","578,237,561,550","573,164,597,690","583,893,799,650","504,697,605,560","578,103,522,400","574,118,893,650","618,422,755,720","517,757,860,620","598,191,991,440","588,833,014,220","569,259,197,600","490,150,763,280","596,411,103,840","459,209,800,119.55","538,552,299,420","475,914,351,440","501,317,369,280","440,038,107,260","521,439,590,500","483,207,600,810","496,247,081,520","490,936,516,620","521,458,678,640","458,764,915,200","493,931,869,200","486,995,960,710","534,428,994,650","511,456,413,600","492,916,670,050","-84,466,460,450","527,047,782,300","477,972,054,390","500,181,793,610","4,239,206,905","536,155,144,720","536,471,455,260","528,768,265,080",,,"501,159,832,720",,,,"474,452,642,590",,,,"450,142,048,980",,,,,,,,,,,,,,,,,,,,,,,,,,,,,,,,,,,,,,,
	OtherOperatingExpenses,"-12,463,000,000","-13,889,000,000","13,243,000,000","-20,349,000,000","8,532,000,000","40,598,000,000","9,606,000,000","1,118,000,000","-23,520,000,000","-16,447,000,000","-3,837,000,000","11,556,000,000","6,938,000,000","-57,603,000,000","2,137,000,000","-969,000,000","-17,178,000,000","13,525,000,000","7,069,000,000","12,471,000,000","-2,328,000,000",,,,,,"-2,883,000,000","-2,488,000,000","-9,702,000,000",,"-15,620,000,000",,,"-109,970,000,000","-25,443,000,000","-26,517,000,000",,"-21,391,000,000","-37,348,000,000",,,,,,,,,,,,,,,,,,,,,,,,,,"114,521,300",,,,,,"-9,850,195,200","-43,908,880,680","-3,915,171,360",,"-36,032,172,960","-892,060,640",,,"-593,894,750",,,,"-142,180,099,200",,,,,,,,,,,,,,,,,,,,,,,,,,,,,,,,,,,,,,,,,,,,,,,,,,,,,,,,,,,,,,,,
OperatingIncome,"370,163,000,000","84,298,000,000","74,236,000,000","100,704,000,000","110,925,000,000","34,631,000,000","133,175,000,000","93,922,000,000","17,625,000,000","51,327,000,000","99,166,000,000","82,532,000,000","55,428,000,000","114,140,000,000","94,528,000,000","93,217,000,000","98,760,000,000","60,271,000,000","117,636,000,000","110,439,000,000","82,119,000,000","27,849,000,000","95,930,000,000","77,695,000,000","66,932,000,000","82,959,000,000","122,687,000,000","126,380,000,000","86,260,000,000","91,640,000,000","128,914,000,000","94,693,000,000","82,286,000,000","151,908,000,000","142,030,000,000","108,905,000,000","64,201,000,000","60,374,000,000","71,935,000,000","48,763,000,000","38,603,000,000","4,185,000,000","-8,059,000,000","42,023,000,000","5,576,000,000","40,922,000,000","95,364,000,000","85,130,000,000","83,838,000,000","85,025,000,000","99,265,000,000","47,932,000,000","-41,769,000,000","-181,395,084,000","26,244,098,670","118,045,990,320","109,706,882,930","140,217,546,000","162,177,268,810","145,821,133,300","74,019,334,290","116,186,359,480","135,825,244,730","140,692,129,520","65,162,619,700","113,369,337,360","129,566,417,690","123,453,989,120","46,364,593,440","9,826,916,680","96,962,859,000","155,827,005,120","47,634,584,880","165,387,117,867.95","107,131,371,390","60,771,631,100","20,000,000,160","25,400,102,800","42,997,979,900","22,633,244,460","14,581,441,220","-217,653,250,920","72,669,828,480","-37,155,179,330","-38,915,844,240","30,784,374,120","59,139,043,800","78,502,612,320","21,223,538,000","39,316,974,800","54,504,553,350","50,486,263,250","14,422,494,170","38,064,049,740","50,471,043,160","73,472,372,220","32,648,592,300","-5,680,238,584,110","2,095,472,037,740","98,087,065,120","1,903,255,272,240","-5,265,500,939,602","2,033,022,727,200","86,335,007,750","1,732,206,377,600","-4,791,923,668,752","1,832,454,834,920","62,149,789,800","1,530,275,183,385","-5,596,536,392,394","2,074,647,717,768","172,643,938,740","164,059,654,018","-4,794,580,613,772","1,758,108,051,450","1,625,303,542,128","1,606,470,231,520","-5,563,883,859,160","2,025,671,434,016","1,858,230,460,432","1,857,619,174,224","-4,868,989,778,002","1,752,767,210,734","1,862,498,387,048","1,934,052,968,256","-4,553,513,971,380","1,783,018,754,760","1,667,131,947,992","1,577,903,578,365","-3,637,637,783,811","1,477,321,073,232","1,492,499,172,931","1,403,043,087,880","-3,793,547,204,148","1,515,470,625,920","1,368,759,201,140","1,323,351,893,255","-3,336,595,376,953","1,308,903,719,200","1,195,205,014,806","1,159,117,344,550","-2,943,972,582,192","1,021,388,401,686","1,256,355,613,458","1,142,313,924,555","-3,134,919,586,455","1,228,779,217,076"
NetNonOperatingInterestIncomeExpense,"2,869,000,000","-2,356,000,000","665,000,000","403,000,000","4,157,000,000","8,936,000,000","-3,264,000,000","-2,763,000,000","-689,000,000","-90,000,000","-223,000,000","-2,225,000,000","-163,000,000","3,424,000,000","-486,000,000","-270,000,000","2,290,000,000","1,226,000,000","-1,409,000,000","187,000,000","-1,953,000,000","-2,019,000,000","164,000,000","-455,000,000","592,000,000","-681,000,000","723,000,000","614,000,000","1,274,000,000","960,000,000","-360,000,000","-1,545,000,000","-1,646,000,000","-2,397,000,000","-1,829,000,000","-3,176,000,000","-3,877,000,000","-5,145,000,000","-4,194,000,000","-3,803,000,000","-2,823,000,000","-3,511,000,000","-4,069,000,000","-3,517,000,000","-3,919,000,000","-3,095,000,000","-4,268,000,000","-3,956,000,000","-4,612,000,000","-5,701,000,000","-2,147,000,000","-2,390,000,000","-3,132,000,000",,,,,,,,,,,,,,,,,,,,,,,,,,,,,,,,,,,,,,,,,,,,,,,,,,,,,,,,,,,,,,,,,,,,,,,,,,,,,,,,,,,,,,,,,,,,,,
	InterestIncomeNonOperating,"22,128,000,000","2,407,000,000","5,969,000,000","5,204,000,000","8,548,000,000","8,658,000,000","3,994,000,000","3,343,000,000","4,851,000,000","6,688,000,000","9,199,000,000","7,188,000,000","8,285,000,000","6,362,000,000","5,845,000,000","5,642,000,000","7,754,000,000","4,636,000,000","5,770,000,000","5,737,000,000","6,629,000,000","10,758,000,000","4,095,000,000","3,228,000,000","3,751,000,000","2,739,000,000","5,247,000,000","5,021,000,000","5,930,000,000","4,785,000,000","3,960,000,000","3,071,000,000","3,159,000,000","3,140,000,000","2,661,000,000","2,608,000,000","2,223,000,000","2,107,000,000","2,073,000,000","2,343,000,000","2,803,000,000","3,333,000,000","3,319,000,000","3,310,000,000","3,426,000,000","3,336,000,000","2,540,000,000","2,948,000,000","2,769,000,000","3,472,000,000","2,832,000,000","3,131,000,000","2,913,000,000",,,,,,,,,,,,,,,,,,,,,,,,,,,,,,,,,,,,,,,,,,,,,,,,,,,,,,,,,,,,,,,,,,,,,,,,,,,,,,,,,,,,,,,,,,,,,,
	InterestExpenseNonOperating,"19,259,000,000","4,763,000,000","5,304,000,000","4,801,000,000","4,391,000,000","-278,000,000","7,258,000,000","6,106,000,000","5,540,000,000","6,778,000,000","9,422,000,000","9,413,000,000","8,448,000,000","2,938,000,000","6,331,000,000","5,912,000,000","5,464,000,000","3,410,000,000","7,179,000,000","5,550,000,000","8,582,000,000","12,777,000,000","3,931,000,000","3,683,000,000","3,159,000,000","3,420,000,000","4,524,000,000","4,407,000,000","4,656,000,000","3,825,000,000","4,320,000,000","4,616,000,000","4,805,000,000","5,537,000,000","4,490,000,000","5,784,000,000","6,100,000,000","7,252,000,000","6,267,000,000","6,456,000,000","5,626,000,000","6,844,000,000","7,388,000,000","6,827,000,000","7,345,000,000","6,431,000,000","6,808,000,000","6,904,000,000","7,381,000,000","9,173,000,000","4,979,000,000","5,521,000,000","6,045,000,000",,,,,,,,,,,,,,,,,,,,,,,,,,,,,,,,,,,,,,,,,,,,,,,,,,,,,,,,,,,,,,,,,,,,,,,,,,,,,,,,,,,,,,,,,,,,,,
	TotalOtherFinanceCost,,,,,,,,,,,,,,,,,,,,,,,,,,,,,,,,,,,,,,,,"-310,000,000",,,,,,,,,,,,,,,,,,,,,,,,,,,,,,,,,,,,,,,,,,,,,,,,,,,,,,,,,,,,,,,,,,,,,,,,,,,,,,,,,,,,,,,,,,,,,,,,,,,,,,,,,,,
PretaxIncome,"360,395,000,000","81,019,000,000","73,614,000,000","97,228,000,000","108,534,000,000","40,736,000,000","126,909,000,000","90,106,000,000","3,069,000,000","52,988,000,000","100,158,000,000","81,678,000,000","56,226,000,000","122,133,000,000","97,063,000,000","95,014,000,000","102,246,000,000","65,067,000,000","118,738,000,000","112,813,000,000","81,972,000,000","43,227,000,000","78,654,000,000","94,350,000,000","58,835,000,000","-37,448,000,000","90,356,000,000","91,465,000,000","72,675,000,000","-25,607,000,000","86,161,000,000","66,791,000,000","55,111,000,000","-100,812,000,000","99,632,000,000","84,793,000,000","122,612,000,000","-128,988,000,000","9,273,000,000","-316,496,000,000","37,825,000,000","-462,313,000,000","-191,188,000,000","-141,910,000,000","-17,433,000,000","-48,513,000,000","82,767,000,000","60,223,000,000","84,330,000,000","-83,957,000,000","81,095,000,000","25,312,000,000","-51,765,000,000","-526,658,707,580","-59,117,329,530","83,713,045,200","119,371,284,040","76,639,208,550","173,130,661,190","103,567,450,580","84,118,478,070","62,114,974,130","144,396,162,890","155,091,827,340","75,469,536,700","90,722,823,550","126,259,344,130","85,668,898,700","66,773,888,160","29,641,971,640","81,982,353,800","56,344,227,840","81,022,296,200","30,648,618,982.45","83,109,922,750","26,650,311,620","18,922,155,840","-36,456,876,160","36,108,800,800","25,918,715,430","16,015,681,340","-237,658,627,250","-190,626,651,520","-48,863,242,270","-11,974,105,920","-54,778,980,890","45,041,946,150","74,177,399,520","28,015,070,160","58,199,870,200","102,464,469,900","47,085,083,410","28,844,988,340","83,878,668,035","53,205,366,040","19,291,628,460","31,815,011,220",,,"70,492,546,800",,,,"60,267,405,410",,,,"44,885,959,300",,,,,,,,,,,,,,,,,,,,,,,,,,,,,,,,,,,,,,,
TaxProvision,"94,957,000,000","19,769,000,000","30,538,000,000","17,363,000,000","27,287,000,000","1,104,000,000","39,622,000,000","26,216,000,000","9,984,000,000","3,542,000,000","18,765,000,000","26,246,000,000","2,459,000,000","6,758,000,000","31,401,000,000","34,836,000,000","40,724,000,000","24,974,000,000","32,839,000,000","38,969,000,000","29,781,000,000","49,893,000,000","22,614,000,000","-6,722,000,000","36,839,000,000","-73,166,000,000","39,279,000,000","37,118,000,000","11,306,000,000","-62,369,000,000","23,477,000,000","21,914,000,000","14,997,000,000","27,961,000,000","24,378,000,000","23,284,000,000","14,042,000,000","16,104,000,000","-42,852,000,000","383,968,000,000","27,453,000,000","-29,425,000,000","21,013,000,000","-18,808,000,000","17,453,000,000","-214,852,000,000","47,695,000,000","25,810,000,000","38,337,000,000","71,977,000,000","47,082,000,000","15,022,000,000","7,752,000,000","-53,996,890,180","25,245,188,340","23,630,391,240","42,480,884,000","-1,300,843,900","46,160,725,030","28,934,587,080","41,997,658,890","35,271,963,800","57,020,413,870","60,785,609,650","37,906,550,300","27,295,918,640","54,212,384,430","48,451,151,980","36,049,026,000","58,231,669,060","35,193,926,600","25,971,167,520","34,910,277,960","24,244,400,504.6","52,117,964,460","6,132,916,900","16,287,425,280","21,020,386,330","15,441,263,500","17,035,775,400","11,712,960,980","-46,883,908,530","-19,088,994,800","1,433,640,360","7,483,816,200","-22,597,510,010","22,349,057,250","32,114,705,040","18,570,595,750","53,425,423,950","41,619,799,650","22,745,390,180","19,270,391,370","99,725,339,955","33,267,595,040","20,933,469,180","20,839,527,000",,,"39,765,026,400",,,,"36,093,603,240",,,,"26,339,672,820",,,,,,,,,,,,,,,,,,,,,,,,,,,,,,,,,,,,,,,
NetIncomeCommonStockholders,"255,334,000,000","59,700,000,000","42,591,000,000","76,506,000,000","76,537,000,000","34,935,000,000","81,278,000,000","58,697,000,000","-9,833,000,000","47,559,000,000","77,229,000,000","51,142,000,000","49,777,000,000","110,434,000,000","60,096,000,000","56,259,000,000","57,360,000,000","35,929,000,000","81,200,000,000","70,152,000,000","48,759,000,000","-26,025,000,000","55,483,000,000","98,161,000,000","21,741,000,000","33,036,000,000","48,887,000,000","51,814,000,000","59,519,000,000","39,065,000,000","59,487,000,000","43,004,000,000","37,929,000,000","-122,572,000,000","73,680,000,000","61,503,000,000","107,831,000,000","-130,420,000,000","61,340,000,000","-697,979,000,000","12,809,000,000","-438,353,000,000","-197,668,000,000","-105,800,000,000","-30,351,000,000","-40,684,000,000","39,983,000,000","31,040,000,000","43,678,000,000","-88,856,000,000","32,259,000,000","6,109,000,000","-52,977,000,000","-444,253,411,570","-63,022,160,820","55,208,223,480","73,067,120,480","65,034,781,730","112,887,003,100","65,676,919,880","39,411,292,800","23,225,826,390","78,685,790,330","78,372,125,840","35,845,166,900","40,685,905,890","49,369,883,860","29,842,278,620","33,719,704,320","-31,949,526,840","35,091,320,400","23,109,937,200","33,061,447,040","-5,258,995,628","24,343,164,470","20,517,394,720","2,634,730,560","-57,477,262,490","20,667,537,300","8,882,940,030","4,302,720,360","-190,774,718,720","-171,537,656,720","-50,296,882,630","-19,457,922,120","-32,181,470,880","22,692,888,900","42,062,694,480","9,444,474,410","4,774,446,250","60,844,670,250","24,339,693,230","9,574,596,970","-15,846,671,920","19,937,771,000","-1,641,840,720","10,975,484,220","-3,220,200,650","39,236,151,000","30,727,520,400","26,481,867,720","49,648,667,512","45,371,683,010","24,173,802,170","18,666,017,000","42,085,888,165","33,628,702,780","18,546,286,480","-151,571,487,969","16,090,038,188","45,107,095,704","1,483,195,350","8,889,107,619","-2,275,259,886","10,714,046,400","9,300,599,032","6,743,419,144","6,914,154,956","13,515,874,656","7,613,634,760","9,762,111,816","39,219,439,444","31,257,028,134","33,213,859,848","34,489,889,856",,,,,,,,,,,,,,,,,,,,,,
	NetIncome,"255,334,000,000","59,700,000,000","42,591,000,000","76,506,000,000","76,537,000,000","34,935,000,000","81,278,000,000","58,697,000,000","-9,833,000,000","47,559,000,000","77,229,000,000","51,142,000,000","49,777,000,000","110,434,000,000","60,096,000,000","56,259,000,000","57,360,000,000","35,929,000,000","81,200,000,000","70,152,000,000","48,759,000,000","-26,025,000,000","55,483,000,000","98,161,000,000","21,741,000,000","33,036,000,000","48,887,000,000","51,814,000,000","59,519,000,000","39,065,000,000","59,487,000,000","43,004,000,000","37,929,000,000","-122,572,000,000","73,680,000,000","61,503,000,000","107,831,000,000","-130,420,000,000","61,340,000,000","-697,979,000,000","12,809,000,000","-438,353,000,000","-197,668,000,000","-105,800,000,000","-30,351,000,000","-40,684,000,000","39,983,000,000","31,040,000,000","43,678,000,000","-88,856,000,000","32,259,000,000","6,109,000,000","-52,977,000,000","-444,253,411,570","-63,022,160,820","55,208,223,480","73,067,120,480","65,034,781,730","112,887,003,100","65,676,919,880","39,411,292,800","23,225,826,390","78,685,790,330","78,372,125,840","35,845,166,900","40,685,905,890","49,369,883,860","29,842,278,620","33,719,704,320","-31,949,526,840","35,091,320,400","23,109,937,200","33,061,447,040","-5,258,995,628","24,343,164,470","20,517,394,720","2,634,730,560","-57,477,262,490","20,667,537,300","8,882,940,030","4,302,720,360","-190,774,718,720","-171,537,656,720","-50,296,882,630","-19,457,922,120","-32,181,470,880","22,692,888,900","42,062,694,480","9,444,474,410","4,774,446,250","60,844,670,250","24,339,693,230","9,574,596,970","-15,846,671,920","19,937,771,000","-1,641,840,720","10,975,484,220","-3,220,200,650","39,236,151,000","30,727,520,400","26,481,867,720","49,648,667,512","45,371,683,010","24,173,802,170","18,666,017,000","42,085,888,165","33,628,702,780","18,546,286,480","-151,571,487,969","16,090,038,188","45,107,095,704","1,483,195,350","8,889,107,619","-2,275,259,886","10,714,046,400","9,300,599,032","6,743,419,144","6,914,154,956","13,515,874,656","7,613,634,760","9,762,111,816","39,219,439,444","31,257,028,134","33,213,859,848","34,489,889,856",,,,,,,,,,,,,,,,,,,,,,
		NetIncomeIncludingNoncontrollingInterests,"265,438,000,000","61,250,000,000","43,076,000,000","79,865,000,000","81,247,000,000","39,632,000,000","87,287,000,000","63,890,000,000","-6,915,000,000","49,446,000,000","81,393,000,000","55,432,000,000","53,767,000,000","115,375,000,000","65,662,000,000","60,178,000,000","61,522,000,000","40,093,000,000","85,899,000,000","73,844,000,000","52,191,000,000","-15,550,000,000","59,520,000,000","103,346,000,000","25,126,000,000","36,753,000,000","54,463,000,000","58,122,000,000","65,728,000,000","40,703,000,000","65,534,000,000","48,043,000,000","42,086,000,000","-128,988,000,000","77,458,000,000","63,331,000,000","109,844,000,000","-141,797,000,000","54,103,000,000","-698,549,000,000","11,075,000,000","-452,032,000,000","-210,955,000,000","-120,533,000,000","-32,624,000,000","-37,463,000,000","39,025,000,000","36,297,000,000","47,738,000,000","-154,190,000,000","34,799,000,000","10,080,000,000","-61,356,000,000","-471,753,717,100","-88,630,589,280","63,155,664,480","77,209,006,670","77,792,609,260","123,728,626,170","72,451,287,490","37,687,048,740","27,546,271,620","87,494,789,550","95,722,581,410","36,417,773,400","39,271,847,210","56,456,470,060","27,686,372,560","29,393,821,200","-29,212,128,900","45,044,121,800","27,841,971,960","43,719,413,520","-713,771,233.75","31,206,435,510","26,984,834,360","4,431,137,760","-53,713,399,670","23,280,674,200","8,396,203,590","1,195,200,100","-202,664,164,860","-192,733,023,360","-66,903,216,800","-29,935,264,800","-23,968,638,460","26,475,037,050","49,415,556,240","12,309,652,040","-12,102,890,150","60,946,930,200","33,055,216,570","16,482,850,480","-14,082,974,500","16,064,146,920","6,430,542,820","12,781,576,560","22,546,033,030","39,236,151,000","42,416,028,160","26,481,867,720","93,962,179,592","45,371,683,010","34,199,803,070","18,666,017,000","64,737,557,200","33,628,702,780","22,689,605,800","-151,571,487,969","32,549,201,993","45,107,095,704","1,483,195,350","8,889,107,619","4,578,412,098","10,714,046,400","9,300,599,032","6,743,419,144","4,927,247,880","13,515,874,656","7,613,634,760","9,762,111,816","67,972,710,860","31,257,028,134","33,213,859,848","34,489,889,856","82,530,049,605","84,132,822,000","68,547,105,760","58,353,499,170","101,816,549,838","68,008,048,472","57,480,566,739","52,699,765,510","44,088,453,159","64,603,078,552","52,549,859,414","51,958,452,980","33,737,962,565","52,696,123,760","42,047,746,924","34,637,381,900","39,298,778,610","32,347,577,550","47,222,944,725","51,522,796,635","63,139,053,838","58,491,861,783"
			NetIncomeContinuousOperations,"265,438,000,000","61,250,000,000","43,076,000,000","79,865,000,000","81,247,000,000","39,632,000,000","87,287,000,000","63,890,000,000","-6,915,000,000","49,446,000,000","81,393,000,000","55,432,000,000","53,767,000,000","115,375,000,000","65,662,000,000","60,178,000,000","61,522,000,000","40,093,000,000","85,899,000,000","73,844,000,000","52,191,000,000","-15,550,000,000","59,520,000,000","103,346,000,000","25,126,000,000","36,753,000,000","54,463,000,000","58,122,000,000","65,728,000,000","40,703,000,000","65,534,000,000","48,043,000,000","42,086,000,000","-128,988,000,000","77,458,000,000","63,331,000,000","109,844,000,000","-141,797,000,000","54,103,000,000","-698,549,000,000","11,075,000,000","-452,032,000,000","-210,955,000,000","-120,533,000,000","-32,624,000,000","-37,463,000,000","39,025,000,000","36,297,000,000","47,738,000,000","-154,190,000,000","34,799,000,000","10,080,000,000","-61,356,000,000","-485,284,411,570","-63,022,160,820","55,208,223,480","73,067,120,480","65,034,781,730","112,887,003,100","65,676,919,880","39,411,292,800","23,225,826,390","78,685,790,330","78,372,125,840","35,845,166,900","40,685,905,890","49,369,883,860","29,842,278,620","33,719,704,320","-31,949,526,840","35,091,320,400","23,109,937,200","33,061,447,040","-5,258,995,628","24,343,164,470","20,517,394,720","2,634,730,560","-57,477,262,490","20,667,537,300","8,882,940,030","4,302,720,360","-190,774,718,720","-171,537,656,720","-50,296,882,630","-19,457,922,120","-32,181,470,880","22,692,888,900","42,062,694,480","9,444,474,410","4,774,446,250","60,844,670,250","24,339,693,230","9,574,596,970","-15,846,671,920","19,937,771,000","-1,641,840,720","10,975,484,220","-3,220,200,650","39,236,151,000","30,727,520,400","26,481,867,720","49,648,667,512","45,371,683,010","24,173,802,170","18,666,017,000","42,085,888,165","33,628,702,780","18,546,286,480","-151,571,487,969","16,090,038,188","45,107,095,704","1,483,195,350","8,889,107,619","-2,275,259,886","10,714,046,400","9,300,599,032","6,743,419,144","6,914,154,956","13,515,874,656","7,613,634,760","9,762,111,816","39,219,439,444","31,257,028,134","33,213,859,848","34,489,889,856","48,877,830,780","84,132,822,000","68,547,105,760","58,353,499,170","66,812,697,612","68,008,048,472","57,480,566,739","52,699,765,510","44,088,453,159","64,603,078,552","52,549,859,414","51,958,452,980","33,737,962,565","52,696,123,760","42,047,746,924","34,637,381,900","39,298,778,610","32,347,577,550","47,222,944,725","51,522,796,635","63,139,053,838","58,491,861,783"
		MinorityInterests,"-10,104,000,000","-1,550,000,000","-485,000,000","-3,359,000,000","-4,710,000,000","-4,697,000,000","-6,009,000,000","-5,193,000,000","-2,918,000,000","-1,887,000,000","-4,164,000,000","-4,290,000,000","-3,990,000,000","-4,941,000,000","-5,566,000,000","-3,919,000,000","-4,162,000,000","-4,164,000,000","-4,699,000,000","-3,692,000,000","-3,432,000,000","-10,475,000,000","-4,037,000,000","-5,185,000,000","-3,385,000,000","-3,717,000,000","-5,576,000,000","-6,308,000,000","-6,209,000,000","-1,638,000,000","-6,047,000,000","-5,039,000,000","-4,157,000,000","6,416,000,000","-3,778,000,000","-1,828,000,000","-2,013,000,000","11,377,000,000","7,237,000,000","570,000,000","1,734,000,000","13,679,000,000","13,287,000,000","14,733,000,000","2,273,000,000","-3,221,000,000","958,000,000","-5,257,000,000","-4,060,000,000","65,334,000,000","-2,540,000,000","-3,971,000,000","8,379,000,000","11,351,305,530","25,608,428,460","-7,947,441,000","-4,141,886,190","-12,757,827,530","-10,841,623,070","-6,774,367,610","1,724,244,060","-4,320,445,230","-8,808,999,220","-17,350,455,570","-572,606,500","1,414,058,680","-7,086,586,200","2,155,906,060","4,325,883,120","-2,737,397,940","-9,952,801,400","-4,732,034,760","-10,657,966,480","-4,545,224,394.25","-6,863,271,040","-6,467,439,640","-1,796,407,200","-3,763,862,820","-2,613,136,900","486,736,440","3,107,520,260","11,889,446,140","21,195,366,640","16,606,334,170","10,477,342,680","-8,212,832,420","-3,782,148,150","-7,352,861,760","-2,865,177,630","16,877,336,400","-102,259,950","-8,715,523,340","-6,908,253,510","-1,763,697,420","3,873,624,080","-8,072,383,540","-1,806,092,340",,,"-11,688,507,760",,,,"-10,026,000,900",,,,"-4,143,319,320",,,,,,,,,,,,,,,,,,,,,,,,,,,,,,,,,,,,,,,
	OtherunderPreferredStockDividend,"0","0","0","0","0","0","0","0","0","0","0","0","0","0","0","0","0","0","0","0","0","0","0","0","0","0","0","0","0","0","0","0","0","0","0","0","0","0","0","0","0","0","0","0","0","0","0","0","0","0","0","0","0","0","0","0","0","0","0","0","0","0","0","0","0","0","0","0","0","0","0","0","0","0","0","0","0","0","0","0","0","0","0","0","0","0","0","0","0","0","0","0","0","0","0","0","0","0","0","0","0","0","0","0","0","0","0","0","0","0","0","0","0","0","0","0","0","0","0","0","0","0","0","0","0",,,,,,,,,,,,,,,,,,,,,,
DilutedNIAvailtoComStockholders,"255,334,000,000","59,700,000,000","42,591,000,000","76,506,000,000","76,537,000,000","34,935,000,000","81,278,000,000","58,697,000,000","-9,833,000,000","47,559,000,000","77,229,000,000","51,142,000,000","49,777,000,000","110,434,000,000","60,096,000,000","56,259,000,000","57,360,000,000","35,929,000,000","81,200,000,000","70,152,000,000","48,759,000,000","-26,025,000,000","55,483,000,000","98,161,000,000","21,741,000,000","33,036,000,000","48,887,000,000","51,814,000,000","59,519,000,000","39,065,000,000","59,487,000,000","43,004,000,000","37,929,000,000","-122,572,000,000","73,680,000,000","61,503,000,000","107,831,000,000","-130,420,000,000","61,340,000,000","-697,979,000,000","12,809,000,000","-438,353,000,000","-197,668,000,000","-105,800,000,000","-30,351,000,000","-40,684,000,000","39,983,000,000","31,040,000,000","43,678,000,000","-88,856,000,000","32,259,000,000","6,109,000,000","-52,977,000,000","-444,253,411,570","-63,022,160,820","55,208,223,480","73,067,120,480","65,034,781,730","112,887,003,100","65,676,919,880","39,411,292,800","23,225,826,390","78,685,790,330","78,372,125,840","35,845,166,900","40,685,905,890","49,369,883,860","29,842,278,620","33,719,704,320","-31,949,526,840","35,091,320,400","23,109,937,200","33,061,447,040","-5,258,995,628","24,343,164,470","20,517,394,720","2,634,730,560","-57,477,262,490","20,667,537,300","8,882,940,030","4,302,720,360","-190,774,718,720","-171,537,656,720","-50,296,882,630","-19,457,922,120","-32,181,470,880","22,692,888,900","42,062,694,480","9,444,474,410","4,774,446,250","60,844,670,250","24,339,693,230","9,574,596,970","-15,846,671,920","19,937,771,000","-1,641,840,720","10,975,484,220","-3,220,200,650","39,236,151,000","30,727,520,400","26,481,867,720","49,648,667,512","45,371,683,010","24,173,802,170","18,666,017,000","42,085,888,165","33,628,702,780","18,546,286,480","-151,571,487,969","16,090,038,188","45,107,095,704","1,483,195,350","8,889,107,619","-2,275,259,886","10,714,046,400","9,300,599,032","6,743,419,144","6,914,154,956","13,515,874,656","7,613,634,760","9,762,111,816","39,219,439,444","31,257,028,134","33,213,859,848","34,489,889,856",,,,,,,,,,,,,,,,,,,,,,
BasicEPS,,,"18.25","32.78","32.8",,"34.83","25.16","-4.21",,"33.11","21.92","21.34",,"25.77","24.12","24.59",,"34.81","30.08","20.91",,"23.91","42.29","9.37",,"21.06","22.37","25.75",,"25.74","18.6","16.41",,"31.87","26.61","46.65",,"26.53","-301.93","5.54",,"-85.49","-45.75","-13.13",,"19.31","14.99","21.1",,"15.58","2.95","-25.58",,"-30.534","26.67","34.895",,"53.649","31.001","18.474",,"35.712","35.74","16.262",,"22.441","12.901","15.529",,"15.391","9.904","14.138",,"10.724","8.921","1.198",,"8.315","4.283","2.39",,"-82.938","-23.894","-9.978",,"11.461","20.545","4.245",,"29.655","11.692","4.848",,"9.114","-1.368","5.557",,"18.31","13.255","11.464",,"19.727","11.14","8.784",,"16.505","8.879","-72.165",,"19.906","6.922","3.938",,"5.58","4.242","3.201",,"6.24","3.597","5.032",,"13.742","14.602","15.163",,"37.995","31.786","25.874",,"30.181","26.514","24.471",,"31.342","25.432","25.365",,"25.498","20.454","17.642",,"17.148","24.261","27.032",,"30.798"
DilutedEPS,,,"18.24","32.77","32.79",,"34.82","25.14","-4.21",,"33.09","21.91","21.33",,"25.75","24.1","24.58",,"34.79","30.06","20.9",,"23.91","42.29","9.37",,"21.06","22.37","25.75",,"25.73","18.6","16.41",,"31.87","26.61","46.65",,"26.53","-301.93","5.54",,"-85.49","-45.75","-13.13",,"19.31","14.99","0",,"15.58","2.95","-25.58",,"-30.534","0","34.895",,"53.649","31.001","18.474",,"35.712","35.74","16.262",,"22.441","12.901","15.529",,"15.391","9.904","14.138",,"10.724","8.921","1.198",,"8.315","4.259","2.39",,"-82.938","-23.894","-9.978",,"10.315","19.463","4.245",,"27.61","11.692","4.848",,"9.114","-1.368","5.557",,"17.002","13.255","11.464",,"19.727","11.14","8.784",,"16.505","8.879","-72.165",,"19.906","6.922","3.938",,"5.58","4.242","3.201",,"6.24","3.597","5.032",,"13.742","14.602","15.163",,"37.995","31.786","25.874",,"30.181","26.514","24.471",,"31.342","25.432","25.365",,"25.498","20.454","17.642",,"17.148","24.261","27.032",,"30.798"
BasicAverageShares,,,"2,333,623,938","2,333,453,009","2,333,307,368",,"2,333,198,988","2,333,063,836","2,332,973,474",,"2,332,729,108","2,332,533,759","2,332,387,733",,"2,332,368,601","2,332,373,955","2,332,346,428",,"2,332,355,116","2,332,374,362","2,332,394,346",,"2,320,493,517","2,321,139,749","2,320,277,481",,"2,321,320,038","2,316,062,546","2,311,250,258",,"2,311,072,261","2,312,043,011","2,311,550,809",,"2,311,615,720","2,311,636,414","2,311,651,488",,"2,312,099,510","2,311,688,605","2,311,696,994",,"2,312,249,091","2,312,568,306","2,312,259,218",,"2,070,585,189","2,070,332,522","2,070,402,824",,"2,070,539,153","2,070,847,458","2,071,032,056",,"2,064,014,180","2,070,056,102","2,096,837,708",,"2,110,675,847","2,131,342,902","2,193,228,111",,"2,171,855,027","2,192,915,563","2,193,228,111",,"2,209,828,746","2,234,699,257","2,236,604,523",,"2,280,000,000","2,304,526,376","2,321,835,314",,"2,315,682,520","2,315,682,520","2,359,316,711",,"2,075,667,943","2,077,820,545","2,075,667,943",,"2,079,572,737","2,105,000,000","1,950,000,000",,"2,062,442,310","2,062,442,310","2,062,442,310",,"2,062,230,000","2,081,818,182","1,975,000,000",,"2,187,500,000","1,200,000,000","1,975,000,000",,"2,142,857,143","2,318,181,818","2,310,000,000",,"2,300,000,000","2,170,000,000","2,125,000,000",,"2,037,500,000","2,088,888,889","2,100,352,941",,"2,266,000,000","214,285,714","2,257,500,000",,"1,920,000,000","2,192,500,000","2,106,666,667",,"2,166,000,000","2,116,666,667","1,940,000,000",,"2,274,545,455","2,274,545,455","2,274,545,455",,,,,,,,,,,,,,,,,,,,,,
DilutedAverageShares,,,"2,334,672,296","2,334,586,795","2,334,393,159",,"2,334,399,740","2,334,362,478","2,332,973,474",,"2,334,209,037","2,334,048,748","2,333,953,843",,"2,333,982,433","2,333,994,049","2,333,637,655",,"2,333,669,730","2,333,570,284","2,333,352,973",,"2,320,493,517","2,321,139,749","2,320,277,481",,"2,321,320,038","2,316,386,369","2,311,458,938",,"2,311,970,462","2,312,043,011","2,311,550,809",,"2,311,615,720","2,311,636,414","2,311,651,488",,"2,312,099,510","2,311,688,605","2,311,696,994",,"2,312,249,091","2,312,568,306","2,312,259,218",,"2,070,585,189","2,070,332,522","2,070,402,824",,"2,070,539,153","2,070,847,458","2,071,032,056",,"2,082,611,402","2,096,839,875","2,096,839,875",,"2,110,675,847","2,131,347,471","2,193,228,111",,"2,171,855,027","2,192,915,563","2,193,228,111",,"2,209,828,746","2,234,700,259","2,236,604,523",,"2,280,000,000","2,304,526,376","2,381,295,757",,"2,315,682,520","2,315,682,520","2,359,316,711",,"2,075,667,943","2,138,155,113","2,075,667,943",,"2,079,572,737","2,105,000,000","1,950,000,000",,"2,062,442,310","2,062,442,310","2,062,442,310",,"2,062,230,000","2,081,818,182","1,975,000,000",,"2,187,500,000","1,200,000,000","1,975,000,000",,"2,307,692,308","2,318,181,818","2,310,000,000",,"2,300,000,000","2,170,000,000","2,125,000,000",,"2,037,500,000","2,088,888,889","2,100,352,941",,"2,266,000,000","214,285,714","2,257,500,000",,"1,920,000,000","2,192,500,000","2,106,666,667",,"2,166,000,000","2,116,666,667","1,940,000,000",,"2,274,545,455","2,274,545,455","2,274,545,455",,,,,,,,,,,,,,,,,,,,,,
TotalOperatingIncomeAsReported,"357,526,000,000","83,375,000,000","72,949,000,000","96,825,000,000","104,377,000,000","31,800,000,000","130,173,000,000","92,869,000,000","3,758,000,000","53,078,000,000","100,381,000,000","83,903,000,000","56,389,000,000","118,709,000,000","97,549,000,000","95,284,000,000","99,956,000,000","63,841,000,000","120,147,000,000","112,626,000,000","83,925,000,000","36,227,000,000","95,930,000,000","77,695,000,000","66,932,000,000",,,,,"91,640,000,000",,"94,693,000,000",,,,,,,,,,,,,,,,,,,,,,,,,,,,,,,,,,,,,,,,,,,,,,,,,,,,,,,,,,,,,,,,,,,,,,,,,,,,,,,,,,,,,,,,,,,,,,,,,,,,,,,,,,,,,,,,,,,
TotalExpenses,"7,018,628,000,000","1,881,137,000,000","1,815,566,000,000","1,640,429,000,000","1,681,496,000,000","1,790,874,000,000","1,680,959,000,000","1,573,321,000,000","1,374,287,000,000","1,683,640,000,000","1,812,044,000,000","1,870,763,000,000","1,835,701,000,000","1,805,608,000,000","1,980,279,000,000","1,906,226,000,000","1,909,975,000,000","2,009,727,000,000","1,936,666,000,000","1,882,150,000,000","1,783,156,000,000","1,965,830,000,000","1,758,607,000,000","1,669,283,000,000","1,681,581,000,000","1,799,444,000,000","1,788,199,000,000","1,776,205,000,000","1,771,583,000,000","1,904,064,000,000","1,867,536,000,000","1,775,910,000,000","1,769,994,000,000","1,904,822,000,000","1,831,461,000,000","1,772,900,000,000","1,760,314,000,000","1,803,008,000,000","1,729,568,000,000","1,774,899,000,000","1,775,895,000,000","1,876,633,000,000","1,968,259,000,000","2,033,627,000,000","1,923,972,000,000","1,998,389,000,000","2,190,049,000,000","2,121,692,000,000","2,077,288,000,000","2,113,071,000,000","1,787,323,000,000","1,689,906,000,000","1,637,227,000,000","1,729,502,570,020","1,851,798,131,760","2,065,486,932,960","2,044,817,351,340","2,167,016,663,540","2,136,470,360,650","2,136,337,012,740","2,168,360,065,740","2,163,861,616,800","2,301,886,728,610","2,056,678,151,750","2,074,438,828,200","2,116,003,344,120","2,271,132,767,330","2,018,155,009,640","2,018,967,296,160","2,181,620,178,400","2,168,787,249,400","2,041,707,927,960","2,069,059,309,000","1,806,139,278,248.2","1,928,686,400,850","1,823,929,486,060","1,740,119,774,400","1,901,264,614,120","1,805,796,376,850","1,744,706,769,180","1,749,772,946,400","1,997,231,120,460","1,659,952,658,160","1,754,775,800,640","1,723,522,870,860","1,976,766,007,460","1,926,717,956,050","1,888,496,038,800","1,753,170,356,490","1,794,966,209,800","1,816,954,791,600","1,774,565,581,520","1,743,909,820,270","1,818,004,062,215","1,853,301,262,040","1,969,661,583,760","1,815,678,522,420",,,"1,899,563,261,120",,,,"1,805,348,562,060",,,,"1,643,516,663,600",,,,,,,,,,,,,,,,,,,,,,,,,,,,,,,,,,,,,,,
NetIncomeFromContinuingAndDiscontinuedOperation,"255,334,000,000","59,700,000,000","42,591,000,000","76,506,000,000","76,537,000,000","34,935,000,000","81,278,000,000","58,697,000,000","-9,833,000,000","47,559,000,000","77,229,000,000","51,142,000,000","49,777,000,000","110,434,000,000","60,096,000,000","56,259,000,000","57,360,000,000","35,929,000,000","81,200,000,000","70,152,000,000","48,759,000,000","-26,025,000,000","55,483,000,000","98,161,000,000","21,741,000,000","33,036,000,000","48,887,000,000","51,814,000,000","59,519,000,000","39,065,000,000","59,487,000,000","43,004,000,000","37,929,000,000","-122,572,000,000","73,680,000,000","61,503,000,000","107,831,000,000","-130,420,000,000","61,340,000,000","-697,979,000,000","12,809,000,000","-438,353,000,000","-197,668,000,000","-105,800,000,000","-30,351,000,000","-40,684,000,000","39,983,000,000","31,040,000,000","43,678,000,000","-88,856,000,000","32,259,000,000","6,109,000,000","-52,977,000,000","-444,253,411,570","-63,022,160,820","55,208,223,480","73,067,120,480","65,034,781,730","112,887,003,100","65,676,919,880","39,411,292,800","23,225,826,390","78,685,790,330","78,372,125,840","35,845,166,900","40,685,905,890","49,369,883,860","29,842,278,620","33,719,704,320","-31,949,526,840","35,091,320,400","23,109,937,200","33,061,447,040","-5,258,995,628","24,343,164,470","20,517,394,720","2,634,730,560","-57,477,262,490","20,667,537,300","8,882,940,030","4,302,720,360","-190,774,718,720","-171,537,656,720","-50,296,882,630","-19,457,922,120","-32,181,470,880","22,692,888,900","42,062,694,480","9,444,474,410","4,774,446,250","60,844,670,250","24,339,693,230","9,574,596,970","-15,846,671,920","19,937,771,000","-1,641,840,720","10,975,484,220","-3,220,200,650","39,236,151,000","30,727,520,400","26,481,867,720","49,648,667,512","45,371,683,010","24,173,802,170","18,666,017,000","42,085,888,165","33,628,702,780","18,546,286,480","-151,571,487,969","16,090,038,188","45,107,095,704","1,483,195,350","8,889,107,619","-2,275,259,886","10,714,046,400","9,300,599,032","6,743,419,144","6,914,154,956","13,515,874,656","7,613,634,760","9,762,111,816","39,219,439,444","31,257,028,134","33,213,859,848","34,489,889,856",,,,,,,,,,,,,,,,,,,,,,
NormalizedIncome,"255,334,000,000","59,700,000,000","42,591,000,000","76,506,000,000","76,537,000,000","34,935,000,000","81,278,000,000","58,697,000,000","-9,833,000,000","47,559,000,000","77,229,000,000","51,142,000,000","49,777,000,000","110,434,000,000","60,096,000,000","56,259,000,000","57,360,000,000","35,929,000,000","81,200,000,000","70,152,000,000","48,759,000,000","-26,025,000,000","55,483,000,000","98,163,032,200","21,855,480,600","62,687,152,800","49,930,594,600","53,379,057,200","60,380,319,298.246","39,065,000,000","62,137,361,671.754","43,004,000,000","37,929,000,000","-55,159,280,000","93,326,617,492.372","63,800,347,693.795","107,831,000,000","-79,165,550,000","63,090,005,000","-448,702,000,000","11,285,475,000","-4,833,898,317.806","-72,326,000,000","50,704,618,645.62","-16,988,000,000","19,754,000,000","45,813,300,000","45,705,700,000","40,105,200,000","25,440,700,000","43,475,100,000","20,270,000,000","-48,172,200,000","-134,629,148,022.845","-2,569,923,849","81,294,742,857.57","67,731,309,801.068","111,643,905,599","107,968,864,836.862","98,608,050,337.871","34,669,621,635","64,088,905,808","75,660,414,024.279","71,051,551,864.064","29,248,740,020","59,228,003,793.699","52,275,384,202","52,445,251,628","22,073,095,920","-9,695,187,372","37,923,251,520","56,718,388,728","8,983,143,176","1,763,702,530.54","16,300,268,720","40,348,014,721.339","-1,748,503,008","-19,182,873,824","18,458,248,830","4,721,343,468","788,832,066","-39,614,966,857.033","-44,661,392,668.122","-33,451,608,400","-30,908,160,906","22,366,258,110","29,088,157,590","39,921,714,144","3,523,107,308","4,113,832,660","31,577,872,560","20,194,505,300","-1,405,890,188","-15,120,454,645","11,598,086,216","16,582,591,272","555,720,720","-3,220,200,650","39,236,151,000","31,450,520,880","26,481,867,720","49,648,667,512","45,371,683,010","21,767,561,954","18,666,017,000","42,085,888,165","33,628,702,780","13,100,781,088","-151,571,487,969","16,090,038,188","45,107,095,704","1,483,195,350","8,889,107,619","-2,275,259,886","10,714,046,400","9,300,599,032","6,743,419,144","6,914,154,956","13,515,874,656","7,613,634,760","9,762,111,816","39,219,439,444","31,257,028,134","33,213,859,848","34,489,889,856",,,,,,,,,,,,,,,,,,,,,,
InterestIncome,"22,128,000,000","2,407,000,000","5,969,000,000","5,204,000,000","8,548,000,000","8,658,000,000","3,994,000,000","3,343,000,000","4,851,000,000","6,688,000,000","9,199,000,000","7,188,000,000","8,285,000,000","6,362,000,000","5,845,000,000","5,642,000,000","7,754,000,000","4,636,000,000","5,770,000,000","5,737,000,000","6,629,000,000","10,758,000,000","4,095,000,000","3,228,000,000","3,751,000,000","2,739,000,000","5,247,000,000","5,021,000,000","5,930,000,000","4,785,000,000","3,960,000,000","3,071,000,000","3,159,000,000","3,140,000,000","2,661,000,000","2,608,000,000","2,223,000,000","2,107,000,000","2,073,000,000","2,343,000,000","2,803,000,000","3,333,000,000","3,319,000,000","3,310,000,000","3,426,000,000","3,336,000,000","2,540,000,000","2,948,000,000","2,769,000,000","3,472,000,000","2,832,000,000","3,131,000,000","2,913,000,000",,,,,,,,,,,,,,,,,,,,,,,,,,,,,,,,,,,,,,,,,,,,,,,,,,,,,,,,,,,,,,,,,,,,,,,,,,,,,,,,,,,,,,,,,,,,,,
InterestExpense,"19,259,000,000","4,763,000,000","5,304,000,000","4,801,000,000","4,391,000,000","-278,000,000","7,258,000,000","6,106,000,000","5,540,000,000","6,778,000,000","9,422,000,000","9,413,000,000","8,448,000,000","2,938,000,000","6,331,000,000","5,912,000,000","5,464,000,000","3,410,000,000","7,179,000,000","5,550,000,000","8,582,000,000","12,777,000,000","3,931,000,000","3,683,000,000","3,159,000,000","3,420,000,000","4,524,000,000","4,407,000,000","4,656,000,000","3,825,000,000","4,320,000,000","4,616,000,000","4,805,000,000","5,537,000,000","4,490,000,000","5,784,000,000","6,100,000,000","7,252,000,000","6,267,000,000","6,456,000,000","5,626,000,000","6,844,000,000","7,388,000,000","6,827,000,000","7,345,000,000","6,431,000,000","6,808,000,000","6,904,000,000","7,381,000,000","9,173,000,000","4,979,000,000","5,521,000,000","6,045,000,000",,,,,,,,,,,,,,,,,,,,,,,,,,,,,,,,,,,,,,,,,,,,,,,,,,,,,,,,,,,,,,,,,,,,,,,,,,,,,,,,,,,,,,,,,,,,,,
NetInterestIncome,"2,869,000,000","-2,356,000,000","665,000,000","403,000,000","4,157,000,000","8,936,000,000","-3,264,000,000","-2,763,000,000","-689,000,000","-90,000,000","-223,000,000","-2,225,000,000","-163,000,000","3,424,000,000","-486,000,000","-270,000,000","2,290,000,000","1,226,000,000","-1,409,000,000","187,000,000","-1,953,000,000","-2,019,000,000","164,000,000","-455,000,000","592,000,000","-681,000,000","723,000,000","614,000,000","1,274,000,000","960,000,000","-360,000,000","-1,545,000,000","-1,646,000,000","-2,397,000,000","-1,829,000,000","-3,176,000,000","-3,877,000,000","-5,145,000,000","-4,194,000,000","-3,803,000,000","-2,823,000,000","-3,511,000,000","-4,069,000,000","-3,517,000,000","-3,919,000,000","-3,095,000,000","-4,268,000,000","-3,956,000,000","-4,612,000,000","-5,701,000,000","-2,147,000,000","-2,390,000,000","-3,132,000,000",,,,,,,,,,,,,,,,,,,,,,,,,,,,,,,,,,,,,,,,,,,,,,,,,,,,,,,,,,,,,,,,,,,,,,,,,,,,,,,,,,,,,,,,,,,,,,
EBIT,"379,654,000,000","85,782,000,000","78,918,000,000","102,029,000,000","112,925,000,000","40,458,000,000","134,167,000,000","96,212,000,000","8,609,000,000","59,766,000,000","109,580,000,000","91,091,000,000","64,674,000,000","125,071,000,000","103,394,000,000","100,926,000,000","107,710,000,000","68,477,000,000","125,917,000,000","118,363,000,000","90,554,000,000","56,004,000,000","82,585,000,000","98,033,000,000","61,994,000,000","-34,028,000,000","94,880,000,000","95,872,000,000","77,331,000,000","-21,782,000,000","90,481,000,000","71,407,000,000","59,916,000,000","-95,275,000,000","104,122,000,000","90,577,000,000","128,712,000,000","-121,736,000,000","15,540,000,000","-310,040,000,000","43,451,000,000","-455,469,000,000","-183,800,000,000","-135,083,000,000","-10,088,000,000","-42,082,000,000","89,575,000,000","67,127,000,000","91,711,000,000","-74,784,000,000","86,074,000,000","30,833,000,000","-45,720,000,000","-617,516,084,000","26,244,098,670","118,045,990,320","109,706,882,930","140,217,546,000","162,177,268,810","145,821,133,300","74,019,334,290","116,186,359,480","135,825,244,730","140,692,129,520","65,162,619,700","113,369,337,360","129,566,417,690","123,453,989,120","46,364,593,440","9,826,916,680","96,962,859,000","155,827,005,120","47,634,584,880","165,387,117,867.95","107,131,371,390","60,771,631,100","20,000,000,160","25,400,102,800","42,997,979,900","22,633,244,460","14,581,441,220","-217,653,250,920","72,669,828,480","-37,155,179,330","-38,915,844,240","30,784,374,120","59,139,043,800","78,502,612,320","21,223,538,000","39,316,974,800","54,504,553,350","50,486,263,250","14,422,494,170","38,064,049,740","50,471,043,160","73,472,372,220","32,648,592,300","-5,680,238,584,110","2,095,472,037,740","98,087,065,120","1,903,255,272,240","-5,265,500,939,602","2,033,022,727,200","86,335,007,750","1,732,206,377,600","-4,791,923,668,752","1,832,454,834,920","62,149,789,800","1,530,275,183,385","-5,596,536,392,394","2,074,647,717,768","172,643,938,740","164,059,654,018","-4,794,580,613,772","1,758,108,051,450","1,625,303,542,128","1,606,470,231,520","-5,563,883,859,160","2,025,671,434,016","1,858,230,460,432","1,857,619,174,224","-4,868,989,778,002","1,752,767,210,734","1,862,498,387,048","1,934,052,968,256","-4,553,513,971,380","1,783,018,754,760","1,667,131,947,992","1,577,903,578,365","-3,637,637,783,811","1,477,321,073,232","1,492,499,172,931","1,403,043,087,880","-3,793,547,204,148","1,515,470,625,920","1,368,759,201,140","1,323,351,893,255","-3,336,595,376,953","1,308,903,719,200","1,195,205,014,806","1,159,117,344,550","-2,943,972,582,192","1,021,388,401,686","1,256,355,613,458","1,142,313,924,555","-3,134,919,586,455","1,228,779,217,076"
EBITDA,"718,802,000,000"
ReconciledCostOfRevenue,"5,306,580,000,000","1,419,864,000,000","1,363,127,000,000","1,257,696,000,000","1,265,893,000,000","1,269,885,000,000","1,263,646,000,000","1,180,691,000,000","1,009,721,000,000","1,229,801,000,000","1,350,750,000,000","1,400,797,000,000","1,358,209,000,000","1,353,561,000,000","1,494,696,000,000","1,440,335,000,000","1,447,642,000,000","1,477,015,000,000","1,444,982,000,000","1,403,664,000,000","1,317,291,000,000","1,347,962,000,000","1,317,344,000,000","1,244,923,000,000","1,246,934,000,000","1,308,616,000,000","1,349,360,000,000","1,347,958,000,000","1,334,065,000,000","1,414,406,000,000","1,429,487,000,000","1,351,444,000,000","1,331,876,000,000","1,503,619,000,000","1,415,814,000,000","1,383,032,000,000","1,336,404,000,000","1,367,255,000,000","1,342,620,000,000","1,359,018,000,000","1,350,995,000,000","1,382,268,000,000","1,487,926,000,000","1,538,814,000,000","1,455,507,000,000","1,498,347,000,000","1,691,283,000,000","1,628,763,000,000","1,570,787,000,000","1,588,951,000,000","1,328,571,000,000","1,252,666,000,000","1,170,871,000,000","1,203,792,405,440","1,367,962,291,920","1,567,023,433,440","1,527,612,588,640","1,588,221,999,060","1,608,025,062,970","1,634,918,989,810","1,590,122,504,190","1,590,697,019,110","1,717,992,928,960","1,551,980,546,190","1,496,220,784,500","1,541,884,450,470","1,652,710,011,610","1,500,397,149,020","1,420,775,304,720","1,535,327,692,180","1,609,378,247,000","1,595,466,045,360","1,476,563,376,520","1,310,039,396,288.65","1,426,166,274,390","1,348,907,195,260","1,238,802,405,120","1,449,467,390,810","1,284,950,681,100","1,261,499,168,370","1,253,525,864,880","1,355,689,017,280","1,280,674,078,720","1,296,010,885,440","1,229,591,001,660","1,489,770,046,750","1,392,288,961,400","1,377,039,625,200","1,260,253,686,440","987,837,947,650","1,289,907,009,300","1,296,593,527,130","1,243,728,026,660","947,241,105,880","1,317,146,117,320","1,433,190,128,500","1,286,910,257,340",,,"1,398,403,428,400",,,,"1,330,895,919,470",,,,"1,193,374,614,620",,,,,,,,,,,,,,,,,,,,,,,,,,,,,,,,,,,,,,,
ReconciledDepreciation,"339,148,000,000","93,451,000,000","87,818,000,000","80,799,000,000","77,080,000,000","82,321,000,000","78,904,000,000","77,906,000,000","78,441,000,000","89,838,000,000","90,492,000,000","95,015,000,000","97,630,000,000","77,308,000,000","74,766,000,000","72,321,000,000","71,646,000,000","71,029,000,000","74,640,000,000","72,168,000,000","69,917,000,000","76,382,000,000","65,042,000,000","64,406,000,000","64,937,000,000","69,595,000,000","68,508,000,000","68,457,000,000","68,201,000,000","76,780,000,000","72,592,000,000","68,035,000,000","69,121,000,000","81,359,000,000","83,748,000,000","82,532,000,000","83,444,000,000","84,868,000,000","84,436,000,000","85,188,000,000","84,875,000,000","84,312,000,000","81,226,000,000","86,593,000,000","85,981,000,000","98,369,000,000","89,209,000,000","90,436,000,000","89,249,000,000","103,018,000,000","63,936,000,000","65,421,000,000","65,895,000,000","89,833,229,160","90,486,173,760","93,683,707,530","90,802,889,550","90,893,233,940","72,984,373,020","81,553,140,660","74,142,494,580","87,298,936,960","78,321,396,490","79,420,044,090","72,721,025,500",,,,,,,,,,,,,,,,,,,,,,,,,,,,,,,,,,,,,,,,,,,,,,,,,,,,,,,,,,,,,,,,,,,,,,,,,,,,,,,,,,
NetIncomeFromContinuingOperationNetMinorityInterest,"255,334,000,000","59,700,000,000","42,591,000,000","76,506,000,000","76,537,000,000","34,935,000,000","81,278,000,000","58,697,000,000","-9,833,000,000","47,559,000,000","77,229,000,000","51,142,000,000","49,777,000,000","110,434,000,000","60,096,000,000","56,259,000,000","57,360,000,000","35,929,000,000","81,200,000,000","70,152,000,000","48,759,000,000","-26,025,000,000","55,483,000,000","98,161,000,000","21,741,000,000","33,036,000,000","48,887,000,000","51,814,000,000","59,519,000,000","39,065,000,000","59,487,000,000","43,004,000,000","37,929,000,000","-122,572,000,000","73,680,000,000","61,503,000,000","107,831,000,000","-130,420,000,000","61,340,000,000","-697,979,000,000","12,809,000,000","-438,353,000,000","-197,668,000,000","-105,800,000,000","-30,351,000,000","-40,684,000,000","39,983,000,000","31,040,000,000","43,678,000,000","-88,856,000,000","32,259,000,000","6,109,000,000","-52,977,000,000","-444,253,411,570","-63,022,160,820","55,208,223,480","73,067,120,480","65,034,781,730","112,887,003,100","65,676,919,880","39,411,292,800","23,225,826,390","78,685,790,330","78,372,125,840","35,845,166,900","40,685,905,890","49,369,883,860","29,842,278,620","33,719,704,320","-31,949,526,840","35,091,320,400","23,109,937,200","33,061,447,040","-5,258,995,628","24,343,164,470","20,517,394,720","2,634,730,560","-57,477,262,490","20,667,537,300","8,882,940,030","4,302,720,360","-190,774,718,720","-171,537,656,720","-50,296,882,630","-19,457,922,120","-32,181,470,880","22,692,888,900","42,062,694,480","9,444,474,410","4,774,446,250","60,844,670,250","24,339,693,230","9,574,596,970","-15,846,671,920","19,937,771,000","-1,641,840,720","10,975,484,220","-3,220,200,650","39,236,151,000","30,727,520,400","26,481,867,720","49,648,667,512","45,371,683,010","24,173,802,170","18,666,017,000","42,085,888,165","33,628,702,780","18,546,286,480","-151,571,487,969","16,090,038,188","45,107,095,704","1,483,195,350","8,889,107,619","-2,275,259,886","10,714,046,400","9,300,599,032","6,743,419,144","6,914,154,956","13,515,874,656","7,613,634,760","9,762,111,816","39,219,439,444","31,257,028,134","33,213,859,848","34,489,889,856",,,,,,,,,,,,,,,,,,,,,,
TotalUnusualItemsExcludingGoodwill,,,,,,,,,,,,,,,,,,,,,,,,"-3,000,000","-169,000,000","-43,772,000,000","-1,559,000,000","-2,338,000,000","-1,020,000,000",,"-3,643,000,000",,,"-79,656,000,000","-26,011,000,000","-3,167,000,000",,"-51,610,000,000","-2,349,000,000","-334,600,000,000","2,045,000,000","-462,987,000,000","-179,060,000,000","-180,416,000,000","-19,090,000,000","-86,340,000,000","-8,329,000,000","-20,951,000,000","5,104,000,000","-163,281,000,000","-16,023,000,000","-20,230,000,000","-6,864,000,000","-344,995,742,140","-86,360,338,530","-36,346,296,840","8,283,772,380","-66,584,462,670","6,706,158,600","-45,698,276,420","6,773,815,950","-58,375,827,740","4,999,702,260","12,039,091,620","10,994,044,800","-26,521,733,620","-4,842,500,570","-37,671,621,680","19,411,014,000","-37,090,565,780","-4,719,885,200","-56,014,085,880","40,130,506,440","-11,704,496,930.9","13,404,826,250","-25,758,250,980","7,305,389,280","-63,823,981,110","3,682,147,450","6,935,994,270","5,856,480,490","-188,308,070,190","-140,995,265,040","-28,075,457,050","19,083,731,310","-90,912,881,650","-10,658,781,150","3,568,300,560","9,868,945,170","1,101,022,650","48,777,996,150","6,908,646,550","18,300,811,930","-1,210,362,125","13,899,474,640","-30,374,053,320","17,366,272,500",,,"-1,205,000,800",,,,"4,010,400,360",,,,"9,075,842,320",,,,,,,,,,,,,,,,,,,,,,,,,,,,,,,,,,,,,,,
TotalUnusualItems,,,,,,,,,,,,,,,,,,,,,,,,"-3,000,000","-169,000,000","-31,773,000,000","-1,559,000,000","-2,338,000,000","-1,020,000,000",,"-3,643,000,000",,,"-71,587,000,000","-26,011,000,000","-3,167,000,000",,"-38,805,000,000","-2,349,000,000","-334,600,000,000","2,045,000,000","-462,987,000,000","-179,060,000,000","-180,416,000,000","-19,090,000,000","-86,340,000,000","-8,329,000,000","-20,951,000,000","5,104,000,000","-163,281,000,000","-16,023,000,000","-20,230,000,000","-6,864,000,000","-344,995,742,140","-86,360,338,530","-36,346,296,840","8,283,772,380","-66,584,462,670","6,706,158,600","-45,698,276,420","6,773,815,950","-58,375,827,740","4,999,702,260","12,039,091,620","10,994,044,800","-26,521,733,620","-4,842,500,570","-37,671,621,680","19,411,014,000","-37,090,565,780","-4,719,885,200","-56,014,085,880","40,130,506,440","-11,704,496,930.9","13,404,826,250","-25,758,250,980","7,305,389,280","-63,823,981,110","3,682,147,450","6,935,994,270","5,856,480,490","-188,308,070,190","-140,995,265,040","-28,075,457,050","19,083,731,310","-90,912,881,650","-10,658,781,150","3,568,300,560","9,868,945,170","1,101,022,650","48,777,996,150","6,908,646,550","18,300,811,930","-1,210,362,125","13,899,474,640","-30,374,053,320","17,366,272,500",,,"-1,205,000,800",,,,"4,010,400,360",,,,"9,075,842,320",,,,,,,,,,,,,,,,,,,,,,,,,,,,,,,,,,,,,,,
NormalizedEBITDA,"718,802,000,000","179,233,000,000","166,736,000,000","182,828,000,000","190,005,000,000","122,779,000,000","213,071,000,000","174,118,000,000","87,050,000,000","149,604,000,000","200,072,000,000","186,106,000,000","162,304,000,000","202,379,000,000","178,160,000,000","173,247,000,000","179,356,000,000","139,506,000,000","200,557,000,000","190,531,000,000","160,471,000,000","132,386,000,000","147,627,000,000","162,442,000,000","127,100,000,000","67,340,000,000","164,947,000,000","166,667,000,000","146,552,000,000","54,998,000,000","166,716,000,000","139,442,000,000","129,037,000,000","57,671,000,000","213,881,000,000","176,276,000,000","212,156,000,000","1,937,000,000","102,325,000,000","109,748,000,000","126,281,000,000","91,830,000,000","76,486,000,000","131,926,000,000","94,983,000,000","142,627,000,000","187,113,000,000","178,514,000,000","175,856,000,000","191,515,000,000","166,033,000,000","116,484,000,000","27,039,000,000","-182,687,112,700","203,090,610,960","248,075,994,690","192,226,000,100","297,695,242,610","228,455,483,230","273,072,550,380","141,388,012,920","261,861,124,180","209,146,938,960","208,073,081,990","126,889,600,400","139,891,070,980","134,408,918,260","161,125,610,800","26,953,579,440","46,917,482,460","101,682,744,200","211,841,091,000","7,504,078,440","177,091,614,798.85","93,726,545,140","86,529,882,080","12,694,610,880","89,224,083,910","39,315,832,450","15,697,250,190","8,724,960,730","-29,345,180,730","213,665,093,520","-9,079,722,280","-57,999,575,550","121,697,255,770","69,797,824,950","74,934,311,760","11,354,592,830","38,215,952,150","5,726,557,200","43,577,616,700","-3,878,317,760","39,274,411,865","36,571,568,520","103,846,425,540","15,282,319,800","-5,680,238,584,110","2,095,472,037,740","99,292,065,920","1,903,255,272,240","-5,265,500,939,602","2,033,022,727,200","82,324,607,390","1,732,206,377,600","-4,791,923,668,752","1,832,454,834,920","53,073,947,480","1,530,275,183,385","-5,596,536,392,394","2,074,647,717,768","172,643,938,740","164,059,654,018","-4,794,580,613,772","1,758,108,051,450","1,625,303,542,128","1,606,470,231,520","-5,563,883,859,160","2,025,671,434,016","1,858,230,460,432","1,857,619,174,224","-4,868,989,778,002","1,752,767,210,734","1,862,498,387,048","1,934,052,968,256","-4,553,513,971,380","1,783,018,754,760","1,667,131,947,992","1,577,903,578,365","-3,637,637,783,811","1,477,321,073,232","1,492,499,172,931","1,403,043,087,880","-3,793,547,204,148","1,515,470,625,920","1,368,759,201,140","1,323,351,893,255","-3,336,595,376,953","1,308,903,719,200","1,195,205,014,806","1,159,117,344,550","-2,943,972,582,192","1,021,388,401,686","1,256,355,613,458","1,142,313,924,555","-3,134,919,586,455","1,228,779,217,076"
TaxRateForCalcs,"0.263","0.244","0.306","0.179","0.251","0.027","0.312","0.291","0.306","0.067","0.187","0.321","0.044","0.055","0.324","0.367","0.398","0.384","0.277","0.345","0.363","0.309","0.288","0.323","0.323","0.323","0.331","0.331","0.156","0.331","0.272","0.328","0.272","0.255","0.245","0.275","0.115","0.255","0.255","0.255","0.255","0.064","0.3","0.133","0.3","0.3","0.3","0.3","0.3","0.3","0.3","0.3","0.3","0.103","0.3","0.282","0.356","0.3","0.267","0.279","0.3","0.3","0.395","0.392","0.4","0.301","0.4","0.4","0.4","0.4","0.4","0.4","0.4","0.4","0.4","0.23","0.4","0.4","0.4","0.4","0.4","0.197","0.1","0.4","0.4","0.4","0.4","0.4","0.4","0.4","0.4","0.4","0.4","0.4","0.4","0.4","0.4","0.4","0.4","0.4","0.4","0.4","0.4","0.4","0.4","0.4","0.4","0.4","0.4","0.4","0.4","0.4","0.4","0.4","0.4","0.4","0.4","0.4","0.4","0.4","0.4","0.4","0.4","0.4","0.4",,,,,,,,,,,,,,,,,,,,,,
TaxEffectOfUnusualItems,"0","0","0","0","0","0","0","0","0","0","0","0","0","0","0","0","0","0","0","0","0","0","0","-967,800","-54,519,400","-14,120,847,200","-515,405,400","-772,942,800","-158,680,701.754","0","-992,638,328.246","0","0","-20,312,280,000","-6,364,382,507.628","-869,652,306.205","0","-13,160,550,000","-598,995,000","-85,323,000,000","521,475,000","-29,467,898,317.806","-53,718,000,000","-23,911,381,354.38","-5,727,000,000","-25,902,000,000","-2,498,700,000","-6,285,300,000","1,531,200,000","-48,984,300,000","-4,806,900,000","-6,069,000,000","-2,059,200,000","-35,371,478,592.845","-25,908,101,559","-10,259,777,462.43","2,947,961,701.068","-19,975,338,801","1,788,020,336.862","-12,767,145,962.129","2,032,144,785","-17,512,748,322","1,974,325,954.279","4,718,517,644.064","4,397,617,920","-7,979,635,716.301","-1,937,000,228","-15,068,648,672","7,764,405,600","-14,836,226,312","-1,887,954,080","-22,405,634,352","16,052,202,576","-4,681,798,772.36","5,361,930,500","-5,927,630,978.661","2,922,155,712","-25,529,592,444","1,472,858,980","2,774,397,708","2,342,592,196","-37,148,318,327.033","-14,119,000,988.122","-11,230,182,820","7,633,492,524","-36,365,152,660","-4,263,512,460","1,427,320,224","3,947,578,068","440,409,060","19,511,198,460","2,763,458,620","7,320,324,772","-484,144,850","5,559,789,856","-12,149,621,328","6,946,509,000","0","0","-482,000,320","0","0","0","1,604,160,144","0","0","0","3,630,336,928","0","0","0","0","0","0","0","0","0","0","0","0","0","0","0","0","0",,,,,,,,,,,,,,,,,,,,,,