name,ttm,03/31/2022,12/31/2021,09/30/2021,06/30/2021,03/31/2021,12/31/2020,09/30/2020,06/30/2020,03/31/2020,12/31/2019,09/30/2019,06/30/2019,03/31/2019,12/31/2018,09/30/2018,06/30/2018,03/31/2018,12/31/2017,09/30/2017,06/30/2017,03/31/2017,12/31/2016,09/30/2016,06/30/2016,03/31/2016,12/31/2015,09/30/2015,06/30/2015,03/31/2015,12/31/2014,09/30/2014,06/30/2014,03/31/2014,12/31/2013,09/30/2013,06/30/2013,03/31/2013,12/31/2012,09/30/2012,06/30/2012,03/31/2012,12/31/2011,09/30/2011,06/30/2011,03/31/2011,12/31/2010,09/30/2010,06/30/2010,03/31/2010,12/31/2009,09/30/2009
TotalRevenue,"14,920,658,765.36","5,365,267,017.62","4,108,456,297.33","2,989,477,093.56","2,457,458,356.85","1,606,822,673.47","1,631,021,163.69","1,506,043,225.99","1,308,080,387.3","1,078,841,300.29","1,131,216,106.93","1,388,092,945.7","1,492,507,981.74","1,329,903,169.35","1,410,381,870.21","1,261,695,745.73","1,281,712,408.07","1,050,092,864.25","1,541,449,819.85","1,216,739,271.76","1,000,103,813.38","625,153,235.43","821,532,305.44","679,373,498.75","679,948,380.01","663,266,163.45","486,839,906.54","322,685,417.82","314,872,074.75","229,527,355.82","240,088,548.2","222,461,752.8","229,138,463.89","177,791,382.08","189,671,413.87","167,670,279.6","171,888,572.72","157,036,734.17","170,304,511.6","158,500,094.67","155,217,943.09","144,125,080.29","147,239,201.08","130,757,033.06","102,287,921.72","94,694,439.13","115,273,369.89","82,007,863.66","84,795,880.16","77,645,212.07","84,184,369.25","72,005,409.7"
	OperatingRevenue,"14,920,658,765.36","5,365,267,017.62","4,108,456,297.33","2,989,477,093.56","2,457,458,356.85","1,606,822,673.47","1,631,021,163.69","1,506,043,225.99","1,308,080,387.3","1,078,841,300.29","1,131,216,106.93","1,388,092,945.7","1,492,507,981.74","1,329,903,169.35","1,410,381,870.21","1,261,695,745.73","1,281,712,408.07","1,050,092,864.25","1,541,449,819.85","1,216,739,271.76","1,000,103,813.38","625,153,235.43","821,532,305.44","679,373,498.75","679,948,380.01","663,266,163.45","486,839,906.54","322,685,417.82","314,872,074.75","229,527,355.82","240,088,548.2","222,461,752.8","229,138,463.89","177,791,382.08","189,671,413.87","167,670,279.6","171,888,572.72","157,036,734.17","170,304,511.6","158,500,094.67","155,217,943.09","144,125,080.29","147,239,201.08","130,757,033.06","102,287,921.72","94,694,439.13","115,273,369.89","82,007,863.66","84,795,880.16","77,645,212.07","84,184,369.25","72,005,409.7"
CostOfRevenue,"7,400,892,465.88","1,789,232,806.7","2,172,234,483.57","1,909,626,712.47","1,529,798,463.14","1,106,905,559.79","1,182,572,123.76","1,235,521,381.59","1,056,168,733.51","868,787,025.45","882,026,787.72","1,090,344,823.55","1,067,970,697.05","1,045,867,256.19","985,908,133.75","905,040,260.82","740,103,047.64","566,229,942.68","835,701,474.79","703,533,450.8","657,850,154.13","412,334,711.97","568,079,093.91","417,522,871.05","395,733,268.96","479,567,303.7","373,377,536.02","249,247,991.96","255,648,500.53","180,713,190.16","188,216,783.11","176,231,502.65","184,230,067.96","135,071,659.22","140,885,600.1","130,848,438.4","133,407,301.61","121,731,308.23","129,198,043.21","126,211,531.25","124,280,235.22","111,915,460.65","116,906,787.17","106,275,462.83","77,900,508.06","73,633,829.62","89,204,372.98","64,918,360.32","64,574,736.45","59,100,086.25","61,693,562.45","53,995,491.79"
GrossProfit,"7,519,766,299.48","3,576,034,210.92","1,936,221,813.76","1,079,850,381.09","927,659,893.71","499,917,113.68","448,449,039.93","270,521,844.4","251,911,653.79","210,054,274.84","249,189,319.21","297,748,122.15","424,537,284.69","284,035,913.16","424,473,736.46","356,655,484.91","541,609,360.43","483,862,921.57","705,748,345.06","513,205,820.96","342,253,659.25","212,818,523.46","253,453,211.53","261,850,627.7","284,215,111.05","183,698,859.75","113,462,370.52","73,437,425.86","59,223,574.22","48,814,165.66","51,871,765.09","46,230,250.15","44,908,395.93","42,719,722.86","48,785,813.77","36,821,841.2","38,481,271.11","35,305,425.94","41,106,468.39","32,288,563.42","30,937,707.87","32,209,619.64","30,332,413.91","24,481,570.23","24,387,413.66","21,060,609.51","26,068,996.91","17,089,503.34","20,221,143.71","18,545,125.82","22,490,806.8","18,009,917.91"
OperatingExpense,"1,262,079,901.95","452,321,804.79","357,740,005.15","303,906,189.53","148,111,902.48","83,936,860.29","127,563,817.6","66,373,109.97","42,205,187.69","59,666,437.22","56,779,591.97","73,246,768.39","186,254,178.9","68,624,454.33","150,155,599.03","53,562,002.74","44,455,586.1","53,016,024.49","107,225,204.18","54,795,122.7","11,583,926.34","41,239,923.14","60,654,043.78","39,649,676.71","45,391,009.53","28,040,451.5","44,059,649.47","31,666,221.19","26,901,435.41","18,605,755.94","26,023,986.18","23,549,145.71","22,388,757.05","17,253,418.83","17,813,395.83","18,974,811.84","18,565,753.14","16,311,587.55","18,326,285.75","12,711,662.01","15,412,930.41","12,971,372.37","16,356,925.62","12,207,971.2","9,927,108.77","6,290,502.39","14,524,961.22","6,769,610.08","6,102,713.6","4,137,505.14","5,368,821.3","5,198,346.28"
	SellingGeneralAndAdministration,"314,405,842.47","230,734,841.55","-193,004,301.63","277,942,097.4","-1,266,794.85","44,975,730.43","-54,083,134.44","68,141,227.14","-8,956,823.45","41,894,081.6","-204,257,653.18","61,237,605.91","3,020,922.2","58,110,730.21","-104,467,221.99","44,765,959.61","-33,002,904.77","101,268,749.87","-48,064,857","47,700,774.75","8,027,350.92","35,363,192.4","-32,717,366.03","36,451,259.17","7,405,718.19","27,043,638.04","-22,565,670.37","29,657,610.51","6,900,007.16","18,221,982.6","-25,067,602.16","23,071,152.21","-287,333.88","16,240,828.25","-24,866,877.83","18,809,013.18","-668,434.9","15,743,140.46","-13,685,146.95","12,324,065.82","14,764,855.11","12,603,865.57","-9,038,245.88","11,720,682.08","1,175,965.18","6,127,608.2","-1,418,419.65","6,455,336.58","6,063,453.55","3,725,847.49","-4,646,035.42","4,890,896.69"
		GeneralAndAdministrativeExpense,"253,821,481.94","219,160,314.9","-216,764,755.47","263,999,122.6","-12,573,200.09","32,362,547.44","-58,346,190.35","50,500,467.76","-16,670,425.27","23,299,322.84","-187,022,688.13","33,314,471.59","-24,635,824.96","33,925,023.47","-136,642,533.08","26,523,325.47","-56,448,730.5","92,780,714.1","-65,205,020.52","34,649,740.93","-5,038,940.26","25,413,639.23","-48,045,653.38","25,432,338.63","-7,908,847.57","17,835,148.51","-34,182,426.37","20,888,775.16","-1,057,901.09","12,014,078.82","-33,399,222.33","16,933,033.76","-8,514,418.75","11,576,478.11","-30,892,378.09","14,259,874.89","-5,698,500.19","11,145,439.18","-18,293,609.96","7,541,871.99","9,798,536.16","7,368,135.36","-12,803,372.74","8,602,857.27","-1,240,382.56","4,231,805.04","-5,068,585.75","4,179,984.22","3,358,612.06","2,680,083.55","-5,961,371.24","3,225,714.46"
		SellingAndMarketingExpense,"60,584,360.53","11,574,526.65","23,760,453.84","13,942,974.8","11,306,405.24","12,613,182.99","4,263,055.91","17,640,759.38","7,713,601.82","18,594,758.76","-17,234,965.05","27,923,134.32","27,656,747.16","24,185,706.74","32,175,311.09","18,242,634.14","23,445,825.73","8,488,035.77","17,140,163.52","13,051,033.82","13,066,291.18","9,949,553.17","15,328,287.35","11,018,920.54","15,314,565.76","9,208,489.53","11,616,756","8,768,835.35","7,957,908.25","6,207,903.78","8,331,620.17","6,138,118.45","8,227,084.87","4,664,350.14","6,025,500.26","4,549,138.29","5,030,065.29","4,597,701.28","4,608,463.01","4,782,193.83","4,966,318.95","5,235,730.21","3,765,126.86","3,117,824.81","2,416,347.74","1,895,803.16","3,650,166.1","2,275,352.36","2,704,841.49","1,045,763.94","1,315,335.82","1,665,182.23"
	ResearchAndDevelopment,"513,724,852.05","211,864,208.36","137,505,902.03","109,086,758.69","55,267,982.97","36,662,880.63","61,548,068.74","31,207,395.54","25,401,360.16","21,606,335.99","24,372,526.65","18,379,923.96","18,808,680.9","18,038,731.77","19,023,373.08","16,010,635.92",,,"48,728,414.54","10,128,279.26",,,,,,,,,,,,,,,,,,,,,,,,,,,,,,,,
	OtherOperatingExpenses,"109,798,271.17","34,241,329.77","43,621,536.53","14,637,292.81","17,298,112.06","12,547,060.3","9,713,798.28","4,496,614.46","4,336,669.5","4,977,622.54","5,602,713.5","8,150,308.56","5,623,687.08","5,613,129.13","11,736,757.15","7,431,914.52","6,662,544.07","5,470,796.44","15,592,257.22","13,127,153.97","13,985,242.18","5,876,730.74","14,645,342.74","3,198,417.54","7,738,418.18","996,813.46","8,285,221.5","2,008,610.68","3,180,219.19","383,773.34","5,458,977.94","477,993.5","1,855,416.76","1,012,590.58","3,490,412.75","165,798.66","1,729,395.03","568,447.09","3,148,402.67","387,596.19","648,075.3","367,506.8","2,717,874.59","487,289.12","879,709.04","162,894.19","1,545,401.25","314,273.5","39,260.05","411,657.65","669,356.72","307,449.59"
OperatingIncome,"6,257,686,397.53","3,123,712,406.13","1,578,481,808.61","775,944,191.56","779,547,991.23","415,980,253.39","320,885,222.33","204,148,734.43","209,706,466.1","150,387,837.62","192,409,727.24","224,501,353.76","238,283,105.79","215,411,458.83","274,318,137.43","303,093,482.17","497,153,774.33","430,846,897.08","598,523,140.88","458,410,698.26","330,669,732.91","171,578,600.32","192,799,167.75","222,200,950.99","238,824,101.52","155,658,408.25","69,402,721.05","41,771,204.67","32,322,138.81","30,208,409.72","25,847,778.91","22,681,104.44","22,519,638.88","25,466,304.03","30,972,417.94","17,847,029.36","19,915,517.97","18,993,838.39","22,780,182.64","19,576,901.41","15,524,777.46","19,238,247.27","13,975,488.29","12,273,599.03","14,460,304.89","14,770,107.12","11,544,035.69","10,319,893.26","14,118,430.11","14,407,620.68","17,121,985.5","12,811,571.63"
NetNonOperatingInterestIncomeExpense,"-53,711,650.2","-39,617,229.62","82,757,557.96","-70,891,125.12","-25,960,853.42","-51,738,931.99","-69,782,751.07","-15,899,382.54","-1,006,778.65","-66,372,223.81","-2,159,144.85","-40,212,167.9","13,847,046.06","-44,666,033.56","-7,801,855.17","-18,383,728.56","-7,336,120.17","-17,131,200.78","-18,978,369.39","-14,001,735.23","-9,960,813.55","-14,461,369.42","-5,983,392.48","-4,870,752.81","-3,667,706.39","-7,174,904.35","796,410.56","0","-1,790,446.25","-2,659,864.55","91,854.25","-1,806,917.09","-534,308.55","-1,976,214.3","-3,869,066.12","0","-864,995.11","-793,006.03","-138,066.46","1,518,832.3","599,818.91","-42,722.67","1,862,248.8","5,326,812.62","217,349.29","-24,637.83","253,323.66","-384,687.16","-1,578,692.42","-1,104,565.45","-933,793.92","-910,424.18"
	InterestIncomeNonOperating,"196,135,759.54","36,374,293.46","97,155,373.3","44,077,905.24","18,528,187.54","47,777,419.58","31,391,836.69","39,168,261.63","31,431,425.29","27,088,396.41","34,794,465.45","25,023,046.05","34,095,112.31","32,241,715.62","10,841,760.68","8,876,724.78",,,,,,,,,,,,"0",,,,,,,,"0",,,,,,,,,,,,,,,,
	InterestExpenseNonOperating,"283,632,690.18","68,131,351.2","68,373,641.84","53,561,737.14","93,565,960","49,355,364.73","80,996,006.24","64,007,209.67","59,974,745.85","60,904,900.72","56,102,776.85","53,006,361.06","48,530,517.03","47,355,429.78","32,679,933.61","22,711,667.77","17,832,126.56","17,131,200.78","15,775,190.62","14,001,735.23","7,618,481.76","14,461,369.42","5,429,478.15","4,870,752.81","2,983,928.19","7,174,904.35","5,716,323.64","0","6,178,474.22","2,659,864.55","2,499,751.31","1,806,917.09","2,006,609.25","1,976,214.3","5,719,856.74","0","1,136,764.89","793,006.03","3,138,712.53","-1,518,832.3","-599,818.91","42,722.67","5,160,226.28","-5,326,812.62","-3,604.49","24,637.83","-159,591.66","384,687.16","1,578,692.42","1,104,565.45","406,934.3","910,424.18"
	TotalOtherFinanceCost,"-33,785,280.44","7,860,171.88","-53,975,826.5","61,407,293.22","-49,076,919.04","50,160,986.84","20,178,581.52","-8,939,565.5","-27,536,541.91","32,555,719.5","-19,149,166.55","12,228,852.89","-28,282,450.78","29,552,319.4","-14,036,317.76","4,548,785.57","-16,287,899.16","17,131,200.78","-36,448,432.1","14,001,735.23","-11,304,445.67","14,461,369.42","-13,870,075.3","4,870,752.81","-5,875,540.53","7,174,904.35","-11,693,629.78",,"-1,821,739.68","2,659,864.55","-4,529,395.73","1,806,917.09","-1,700,977.29","1,976,214.3","-1,849,877.23",,"-527,606.01","793,006.03","3,071,138.99","-1,518,832.3","-599,818.91","42,722.67","5,315,827.9","-5,326,812.62","487,049.11","24,637.83","-2,335,379.93","384,687.16","1,578,692.42","1,104,565.45","-2,425,729.9","910,424.18"
PretaxIncome,"9,274,379,361.89","4,033,448,049.55","2,957,600,783.01","1,176,297,014.01","1,107,033,515.32","532,611,634.32","716,024,584.34","221,254,431.32","166,716,899.93","23,274,613.98","50,060,314.85","38,282,365.37","87,492,240.88","298,633,133.07","118,883,718.76","312,221,196.19","533,369,566.09","422,051,404.76","602,540,015.49","462,499,953.52","508,575,361.32","164,824,284.89","-32,116,488.81","237,837,261.1","199,131,519.59","129,570,019.51","47,596,487.67","39,561,948.25","31,254,493.68","31,486,147.14","29,659,310.49","24,929,426.35","22,617,593.83","24,061,551.87","27,239,959.85","16,121,294.83","21,291,446.13","21,442,684.01","21,405,387.69","23,475,259.38","16,610,731.64","20,607,740.91","13,656,435.42","22,051,156.15","13,762,568.75","15,115,038.89","14,429,314.74","10,018,926.1","13,742,475.72","13,297,894.24","15,135,514.34","13,028,582.75"
TaxProvision,"791,468,690.14","473,421,418.92","82,640,647.49","97,410,714.76","137,995,908.97","38,949,407.24","-13,251,768.06","43,225,123.31","16,020,110.62","17,694,902.16","24,908,498.79","5,649,220.1","44,510,050.81","46,008,201.33","1,276,657.06","42,740,206.21","54,750,688.07","63,875,232.74","137,142,239.86","66,463,906.33","37,759,051.82","28,494,451.54","-11,815,499.29","30,216,744.85","28,358,909.25","22,243,454.91","7,059,735.04","6,160,167.81","4,485,872.91","7,395,903.53","4,056,475.33","4,203,055.89","4,128,351.93","4,480,423.36","7,019,487.76","1,787,615.9","3,764,095.15","3,982,753.89","4,849,077.73","3,915,030.28","1,675,134.46","3,663,241.18","2,385,300.16","4,003,832.52","2,435,132.18","2,674,247.34","2,444,639.15","180,975.15","3,243,072.62","2,941,217.05","3,666,067.26","2,492,400.26"
NetIncomeCommonStockholders,"8,277,391,146.53","3,525,082,984.72","2,755,612,461.26","1,056,140,514.99","940,555,185.56","476,096,554.72","694,175,615.9","173,997,717.42","148,739,131.73","7,746,065.51","28,905,658.46","33,376,530.24","43,059,809.73","252,728,978.02","116,755,204.54","269,462,768.59","478,745,177.45","358,323,733.77","465,547,881.97","396,151,400.99","470,927,148.58","136,451,697.76","-21,438,740.33","207,648,873.82","170,737,431.99","107,417,530.67","40,571,309.94","33,564,238.21","26,857,930.83","24,160,540.36","25,919,587.25","20,675,499.24","19,479,281.95","19,653,001.51","20,672,286.46","18,566,327.31","17,426,306.1","17,458,606.8","16,953,113.09","20,082,087.12","15,415,389.94","17,194,102.53","12,079,290.42","18,637,098.54","11,314,490.17","12,257,573.63","11,948,273.85","9,837,950.95","10,499,403.1","10,356,677.19","11,469,447.08","10,536,182.49"
	NetIncome,"8,277,391,146.53","3,525,082,984.72","2,755,612,461.26","1,056,140,514.99","940,555,185.56","476,096,554.72","694,175,615.9","173,997,717.42","148,739,131.73","7,746,065.51","28,905,658.46","33,376,530.24","43,059,809.73","252,728,978.02","116,755,204.54","269,462,768.59","478,745,177.45","358,323,733.77","465,547,881.97","396,151,400.99","470,927,148.58","136,451,697.76","-21,438,740.33","207,648,873.82","170,737,431.99","107,417,530.67","40,571,309.94","33,564,238.21","26,857,930.83","24,160,540.36","25,919,587.25","20,675,499.24","19,479,281.95","19,653,001.51","20,672,286.46","18,566,327.31","17,426,306.1","17,458,606.8","16,953,113.09","20,082,087.12","15,415,389.94","17,194,102.53","12,079,290.42","18,637,098.54","11,314,490.17","12,257,573.63","11,948,273.85","9,837,950.95","10,499,403.1","10,356,677.19","11,469,447.08","10,536,182.49"
		NetIncomeIncludingNoncontrollingInterests,"8,482,910,671.75","3,560,026,630.63","2,874,960,135.52","1,078,886,299.25","969,037,606.35","493,662,227.08","729,276,352.4","178,029,308.01","150,696,789.31","5,579,711.82","25,151,816.06","32,633,145.27","42,982,190.07","252,624,931.74","117,607,061.7","269,480,989.98","478,618,878.02","358,176,172.02","465,397,775.63","396,036,047.19","470,816,309.5","136,329,833.35","-20,300,989.52","207,620,516.25","170,772,610.34","107,326,564.6","40,536,752.63","33,401,780.44","26,768,620.77","24,090,243.61","25,602,835.16","20,726,370.46","18,489,241.9","19,581,128.51","20,220,472.09","14,333,678.93","17,527,350.98","17,459,930.12","16,556,309.96","19,560,229.1","14,935,597.18","16,944,499.73","11,271,135.26","18,047,323.63","11,327,436.57","12,440,791.55","11,984,675.59","9,837,950.95","10,499,403.1","10,356,677.19","11,469,447.08","10,536,182.49"
			NetIncomeContinuousOperations,"8,482,910,671.75","3,560,026,630.63","2,874,960,135.52","1,078,886,299.25","969,037,606.35","493,662,227.08","729,276,352.4","178,029,308.01","150,696,789.31","5,579,711.82","25,151,816.06","32,633,145.27","42,982,190.07","252,624,931.74","117,607,061.7","269,480,989.98","478,618,878.02","358,176,172.02","465,397,775.63","396,036,047.19","470,816,309.5","136,329,833.35","-20,300,989.52","207,620,516.25","170,772,610.34","107,326,564.6","40,536,752.63","33,401,780.44","26,768,620.77","24,090,243.61","25,602,835.16","20,726,370.46","18,489,241.9","19,581,128.51","20,220,472.09","14,333,678.93","17,527,350.98","17,459,930.12","16,556,309.96","19,560,229.1","14,935,597.18","16,944,499.73","11,271,135.26","18,047,323.63","11,327,436.57","12,440,791.55","11,984,675.59","9,837,950.95","10,499,403.1","10,356,677.19","11,469,447.08","10,536,182.49"
		MinorityInterests,"-205,519,525.22","-34,943,645.91","-119,347,674.26","-22,745,784.26","-28,482,420.79","-17,565,672.36","-35,100,736.5","-4,031,590.59","-1,957,657.58","2,166,353.69","3,753,842.4","743,384.97","77,619.66","104,046.28","-851,857.16","-18,221.39","126,299.43","147,561.75","150,106.34","115,353.8","110,839.08","121,864.41","-1,137,750.81","28,357.57","-35,178.35","90,966.07","34,557.31","162,457.77","89,310.06","70,296.75","316,752.09","-50,871.22","990,040.05","71,873","451,814.37","4,232,648.38","-101,044.88","-1,323.32","396,803.13","521,858.02","479,792.77","249,602.8","808,155.16","589,774.91","-12,946.4","-183,217.92",,,,,,
	OtherunderPreferredStockDividend,"0","0","0","0","0","0","0","0","0","0","0","0","0","0","0","0","0","0","0","0","0","0","0","0","0","0","0","0","0","0","0","0","0","0","0","0","0","0","0","0","0","0","0","0","0","0","0","0","0","0","0","0"
BasicEPS,,"1.75",,,,"0.257",,"0.093",,"0.007",,"0.021",,"0.157",,"0.179",,"0.229",,"0.257",,"0.086",,"0.133",,"0.067",,"0.021",,"0.017",,"0.014",,"0.013",,"0.014",,"0.013",,"0.015",,"0.014",,"0.014",,"0.01",,"0.01",,"0.008",,"0.011"
DilutedEPS,,"1.75",,,,"0.257",,"0.093",,"0.007",,"0.021",,"0.157",,"0.171",,"0.229",,"0.257",,"0.086",,"0.133",,"0.067",,"0.021",,"0.017",,"0.014",,"0.013",,"0.014",,"0.013",,"0.015",,"0.014",,"0.014",,"0.01",,"0.01",,"0.008",,"0.011"
BasicAverageShares,,"2,014,333,134",,,,"1,851,486,602",,"1,873,821,572",,"1,084,449,171",,"1,557,571,411",,"1,608,275,315",,"1,508,991,504",,"1,567,666,335",,"1,540,588,782",,"1,591,936,474",,"1,557,366,554",,"1,611,262,960",,"1,566,331,116",,"1,449,632,422",,"1,447,284,947",,"1,500,774,661",,"1,299,642,912",,"1,333,202,701",,"1,297,611,783",,"1,255,917,054",,"1,304,596,898",,"1,287,045,231",,"1,032,984,850",,"1,304,941,326",,"948,256,424"
DilutedAverageShares,,"2,014,333,134",,,,"1,851,486,602",,"1,873,821,572",,"1,084,449,171",,"1,557,571,411",,"1,608,275,315",,"1,571,866,150",,"1,567,666,335",,"1,540,588,782",,"1,591,936,474",,"1,557,366,554",,"1,611,262,960",,"1,566,331,116",,"1,449,632,422",,"1,447,284,947",,"1,500,774,661",,"1,299,642,912",,"1,333,202,701",,"1,297,611,783",,"1,255,917,054",,"1,304,596,898",,"1,287,045,231",,"1,032,984,850",,"1,304,941,326",,"948,256,424"
TotalOperatingIncomeAsReported,"9,187,804,601.54","4,001,579,467.58","2,895,813,936.32","1,183,290,621.54","1,107,120,576.1","532,644,045.9","721,962,719.93","221,255,602.99","168,168,558.82","23,576,891.56","50,037,064.07","39,050,773.12","86,624,084.96","299,599,280.09","103,368,410.85","313,373,629.39","531,742,154.66","422,022,392.48","614,999,495.08","465,785,513.68","515,713,420.76","158,188,823.71","-31,278,304.46","236,839,990.82","222,199,936.44","148,182,727.56","39,739,871.15","33,184,451.57","28,427,097.48","28,152,202.27","27,762,530.53","21,143,922.59","19,744,677.88","23,490,089.73","24,090,980.88","17,582,748.96","17,797,793.51","18,200,832.36","15,107,452.28","20,902,687.31","14,941,143.96","19,195,524.6","11,632,047.79","16,698,175.26","13,531,873.05","14,745,469.29","11,533,811.27","9,935,206.1","12,539,737.69","13,303,055.23","15,199,987.39","11,901,147.45"
TotalExpenses,"8,662,972,367.83","2,241,554,611.49","2,529,974,488.72","2,213,532,902","1,677,910,365.62","1,190,842,420.08","1,310,135,941.36","1,301,894,491.56","1,098,373,921.2","928,453,462.67","938,806,379.69","1,163,591,591.94","1,254,224,875.95","1,114,491,710.52","1,136,063,732.78","958,602,263.56","784,558,633.74","619,245,967.17","942,926,678.97","758,328,573.5","669,434,080.47","453,574,635.11","628,733,137.69","457,172,547.76","441,124,278.49","507,607,755.2","417,437,185.49","280,914,213.15","282,549,935.94","199,318,946.1","214,240,769.29","199,780,648.36","206,618,825.01","152,325,078.05","158,698,995.93","149,823,250.24","151,973,054.75","138,042,895.78","147,524,328.96","138,923,193.26","139,693,165.63","124,886,833.02","133,263,712.79","118,483,434.03","87,827,616.83","79,924,332.01","103,729,334.2","71,687,970.4","70,677,450.05","63,237,591.39","67,062,383.75","59,193,838.07"
NetIncomeFromContinuingAndDiscontinuedOperation,"8,277,391,146.53","3,525,082,984.72","2,755,612,461.26","1,056,140,514.99","940,555,185.56","476,096,554.72","694,175,615.9","173,997,717.42","148,739,131.73","7,746,065.51","28,905,658.46","33,376,530.24","43,059,809.73","252,728,978.02","116,755,204.54","269,462,768.59","478,745,177.45","358,323,733.77","465,547,881.97","396,151,400.99","470,927,148.58","136,451,697.76","-21,438,740.33","207,648,873.82","170,737,431.99","107,417,530.67","40,571,309.94","33,564,238.21","26,857,930.83","24,160,540.36","25,919,587.25","20,675,499.24","19,479,281.95","19,653,001.51","20,672,286.46","18,566,327.31","17,426,306.1","17,458,606.8","16,953,113.09","20,082,087.12","15,415,389.94","17,194,102.53","12,079,290.42","18,637,098.54","11,314,490.17","12,257,573.63","11,948,273.85","9,837,950.95","10,499,403.1","10,356,677.19","11,469,447.08","10,536,182.49"
NormalizedIncome,"7,851,600,062.929","3,106,529,177.878","3,569,311,787.212","643,761,268.494","608,990,886.84","323,041,224.356","291,228,724.34","132,473,272.482","126,110,683.319","73,538,780.66","105,557,377.64","186,081,692.633","197,054,160.443","186,443,232.565","335,531,450.509","279,190,823.618","475,789,040.386","357,161,284.956","471,233,124.782","396,766,209.287","471,233,677.603","136,472,909.748","124,582,842.448","208,761,131.907","182,046,153.949","107,693,835.733","62,181,095.202","34,685,666.758","26,857,930.83","24,160,540.36","29,571,896.755","20,240,773.054","20,084,553.08","19,654,372.434","25,140,643.002","17,714,654.836","17,426,306.1","17,458,606.8","23,685,864.502","20,260,868.322","15,415,389.94","17,194,102.53","13,864,837.382","19,502,797.906","11,314,490.17","12,257,573.63","11,948,273.85","9,837,950.95","10,499,403.1","10,356,677.19","11,469,447.08","10,536,182.49"
InterestIncome,"196,135,759.54","36,374,293.46","97,155,373.3","44,077,905.24","18,528,187.54","47,777,419.58","31,391,836.69","39,168,261.63","31,431,425.29","27,088,396.41","34,794,465.45","25,023,046.05","34,095,112.31","32,241,715.62","10,841,760.68","8,876,724.78",,,,,,,,,,,,"0",,,,,,,,"0",,,,,,,,,,,,,,,,
InterestExpense,"283,632,690.18","68,131,351.2","68,373,641.84","53,561,737.14","93,565,960","49,355,364.73","80,996,006.24","64,007,209.67","59,974,745.85","60,904,900.72","56,102,776.85","53,006,361.06","48,530,517.03","47,355,429.78","32,679,933.61","22,711,667.77","17,832,126.56","17,131,200.78","15,775,190.62","14,001,735.23","7,618,481.76","14,461,369.42","5,429,478.15","4,870,752.81","2,983,928.19","7,174,904.35","5,716,323.64","0","6,178,474.22","2,659,864.55","2,499,751.31","1,806,917.09","2,006,609.25","1,976,214.3","5,719,856.74","0","1,136,764.89","793,006.03","3,138,712.53","-1,518,832.3","-599,818.91","42,722.67","5,160,226.28","-5,326,812.62","-3,604.49","24,637.83","-159,591.66","384,687.16","1,578,692.42","1,104,565.45","406,934.3","910,424.18"
NetInterestIncome,"-53,711,650.2","-39,617,229.62","82,757,557.96","-70,891,125.12","-25,960,853.42","-51,738,931.99","-69,782,751.07","-15,899,382.54","-1,006,778.65","-66,372,223.81","-2,159,144.85","-40,212,167.9","13,847,046.06","-44,666,033.56","-7,801,855.17","-18,383,728.56","-7,336,120.17","-17,131,200.78","-18,978,369.39","-14,001,735.23","-9,960,813.55","-14,461,369.42","-5,983,392.48","-4,870,752.81","-3,667,706.39","-7,174,904.35","796,410.56","0","-1,790,446.25","-2,659,864.55","91,854.25","-1,806,917.09","-534,308.55","-1,976,214.3","-3,869,066.12","0","-864,995.11","-793,006.03","-138,066.46","1,518,832.3","599,818.91","-42,722.67","1,862,248.8","5,326,812.62","217,349.29","-24,637.83","253,323.66","-384,687.16","-1,578,692.42","-1,104,565.45","-933,793.92","-910,424.18"
EBIT,"9,558,012,052.07","4,101,579,400.75","3,025,974,424.85","1,229,858,751.15","1,200,599,475.32","581,966,999.05","797,020,590.58","285,261,640.99","226,691,645.78","84,179,514.7","106,163,091.7","91,288,726.43","136,022,757.91","345,988,562.85","151,563,652.37","334,932,863.96","559,537,401.11","430,846,897.08","835,423,241.86","458,410,698.26","523,900,897.07","171,578,600.32","-61,260,955.45","222,200,950.99","183,201,963.39","155,658,408.25","64,339,197.02","41,771,204.67","41,370,569.87","30,208,409.72","38,718,361.51","22,681,104.44","25,195,665.22","25,466,304.03","37,724,921.09","17,847,029.36","25,670,062.67","18,993,838.39","28,821,977.47","19,576,901.41","15,524,777.46","19,238,247.27","23,720,065.78","12,273,599.03","14,128,533.86","14,770,107.12","15,551,020.12","10,319,893.26","14,118,430.11","14,407,620.68","20,743,731.49","12,811,571.63"
EBITDA,"9,558,012,052.07"
ReconciledCostOfRevenue,"7,400,892,465.88","1,789,232,806.7","2,172,234,483.57","1,909,626,712.47","1,529,798,463.14","1,106,905,559.79","1,182,572,123.76","1,235,521,381.59","1,056,168,733.51","868,787,025.45","882,026,787.72","1,090,344,823.55","1,067,970,697.05","1,045,867,256.19","985,908,133.75","905,040,260.82","740,103,047.64","566,229,942.68","835,701,474.79","703,533,450.8","657,850,154.13","412,334,711.97","568,079,093.91","417,522,871.05","395,733,268.96","479,567,303.7","373,377,536.02","249,247,991.96","255,648,500.53","180,713,190.16","188,216,783.11","176,231,502.65","184,230,067.96","135,071,659.22","140,885,600.1","130,848,438.4","133,407,301.61","121,731,308.23","129,198,043.21","126,211,531.25","124,280,235.22","111,915,460.65","116,906,787.17","106,275,462.83","77,900,508.06","73,633,829.62","89,204,372.98","64,918,360.32","64,574,736.45","59,100,086.25","61,693,562.45","53,995,491.79"
NetIncomeFromContinuingOperationNetMinorityInterest,"8,277,391,146.53","3,525,082,984.72","2,755,612,461.26","1,056,140,514.99","940,555,185.56","476,096,554.72","694,175,615.9","173,997,717.42","148,739,131.73","7,746,065.51","28,905,658.46","33,376,530.24","43,059,809.73","252,728,978.02","116,755,204.54","269,462,768.59","478,745,177.45","358,323,733.77","465,547,881.97","396,151,400.99","470,927,148.58","136,451,697.76","-21,438,740.33","207,648,873.82","170,737,431.99","107,417,530.67","40,571,309.94","33,564,238.21","26,857,930.83","24,160,540.36","25,919,587.25","20,675,499.24","19,479,281.95","19,653,001.51","20,672,286.46","18,566,327.31","17,426,306.1","17,458,606.8","16,953,113.09","20,082,087.12","15,415,389.94","17,194,102.53","12,079,290.42","18,637,098.54","11,314,490.17","12,257,573.63","11,948,273.85","9,837,950.95","10,499,403.1","10,356,677.19","11,469,447.08","10,536,182.49"
TotalUnusualItemsExcludingGoodwill,"465,518,050.47","474,214,159.33","-837,089,089.98","449,612,231.27","378,780,749.85","165,131,227.74","537,262,522.08","51,606,488.58","25,034,008.93","-87,723,620.2","-102,202,292.24","-179,140,403.79","-205,325,800.95","78,357,744.45","-221,151,122.4","-11,270,943.37","3,294,298.69","1,369,753.75","-7,360,555.79","-717,987.19","-331,112.38","-25,645.53","-231,008,470.04","-1,274,134.28","-13,186,675.45","-333,569.35","-25,373,267.74","-1,328,249.5",,,"-4,230,976.02","522,883.37","-740,418.49","-1,684.61","-6,019,535.66","957,888.28",,,"-8,704,666.35","-214,564.72",,,"-2,163,420.65","-1,057,756.39",,,,,,,,
TotalUnusualItems,"465,518,050.47","474,214,159.33","-837,089,089.98","449,612,231.27","378,780,749.85","165,131,227.74","537,262,522.08","51,606,488.58","25,034,008.93","-87,723,620.2","-102,202,292.24","-179,140,403.79","-205,325,800.95","78,357,744.45","-221,151,122.4","-11,270,943.37","3,294,298.69","1,369,753.75","-7,360,555.79","-717,987.19","-331,112.38","-25,645.53","-231,008,470.04","-1,274,134.28","-13,186,675.45","-333,569.35","-25,373,267.74","-1,328,249.5",,,"-4,230,976.02","522,883.37","-740,418.49","-1,684.61","-6,019,535.66","957,888.28",,,"-8,704,666.35","-214,564.72",,,"-2,163,420.65","-1,057,756.39",,,,,,,,
NormalizedEBITDA,"9,092,494,001.6","3,627,365,241.42","3,863,063,514.83","780,246,519.88","821,818,725.47","416,835,771.31","259,758,068.5","233,655,152.41","201,657,636.85","171,903,134.9","208,365,383.94","270,429,130.22","341,348,558.86","267,630,818.4","372,714,774.77","346,203,807.33","556,243,102.42","429,477,143.33","842,783,797.65","459,128,685.45","524,232,009.45","171,604,245.85","169,747,514.59","223,475,085.27","196,388,638.84","155,991,977.6","89,712,464.76","43,099,454.17","41,370,569.87","30,208,409.72","42,949,337.53","22,158,221.07","25,936,083.71","25,467,988.64","43,744,456.75","16,889,141.08","25,670,062.67","18,993,838.39","37,526,643.82","19,791,466.13","15,524,777.46","19,238,247.27","25,883,486.43","13,331,355.42","14,128,533.86","14,770,107.12","15,551,020.12","10,319,893.26","14,118,430.11","14,407,620.68","20,743,731.49","12,811,571.63"
TaxRateForCalcs,"0.085","0.117","0.028","0.083","0.125","0.073","0.25","0.195","0.096","0.25","0.25","0.148","0.25","0.154","0.011","0.137","0.103","0.151","0.228","0.144","0.074","0.173","0.368","0.127","0.142","0.172","0.148","0.156","0.144","0.235","0.137","0.169","0.183","0.186","0.258","0.111","0.177","0.186","0.227","0.167","0.101","0.178","0.175","0.182","0.177","0.177","0.169","0.018","0.236","0.221","0.242","0.191"
TaxEffectOfUnusualItems,"39,726,966.869","55,660,352.488","-23,389,764.028","37,232,984.774","47,216,451.13","12,075,897.376","134,315,630.52","10,082,043.642","2,405,560.519","-21,930,905.05","-25,550,573.06","-26,435,241.397","-51,331,450.238","12,071,998.995","-2,374,876.431","-1,542,888.342","338,161.626","207,304.936","-1,675,312.978","-103,178.893","-24,583.357","-4,433.542","-84,986,887.262","-161,876.193","-1,877,953.491","-57,264.287","-3,763,482.478","-206,820.952","0","0","-578,666.515","88,157.184","-135,147.36","-313.686","-1,551,179.118","106,215.806","0","0","-1,971,914.938","-35,783.518","0","0","-377,873.688","-192,057.024","0","0","0","0","0","0","0","0"