name,ttm,03/31/2022,12/31/2021,09/30/2021,06/30/2021,03/31/2021,12/31/2020,09/30/2020,06/30/2020,03/31/2020,12/31/2019,09/30/2019,06/30/2019,03/31/2019,12/31/2018,09/30/2018,06/30/2018,03/31/2018,12/31/2017,09/30/2017,06/30/2017,03/31/2017,12/31/2016,09/30/2016,06/30/2016,03/31/2016,12/31/2015,09/30/2015,06/30/2015,03/31/2015,12/31/2014,09/30/2014,06/30/2014,03/31/2014,12/31/2013,09/30/2013,06/30/2013,03/31/2013,12/31/2012,09/30/2012,06/30/2012,03/31/2012,12/31/2011,09/30/2011,06/30/2011,03/31/2011,12/31/2010,09/30/2010,06/30/2010,03/31/2010,12/31/2009,09/30/2009,06/30/2009,03/31/2009,12/31/2008,09/30/2008,06/30/2008,03/31/2008,12/31/2007,09/30/2007,06/30/2007,03/31/2007,12/31/2006,09/30/2006,06/30/2006,03/31/2006,12/31/2005,09/30/2005,06/30/2005,03/31/2005,12/31/2004,09/30/2004,06/30/2004,03/31/2004,12/31/2003,09/30/2003,06/30/2003,03/31/2003,12/31/2002,09/30/2002,06/30/2002,03/31/2002,12/31/2001,09/30/2001,06/30/2001,03/31/2001,12/31/2000,09/30/2000,06/30/2000,03/31/2000,12/31/1999,09/30/1999,06/30/1999,03/31/1999,12/31/1998,09/30/1998,06/30/1998,03/31/1998,12/31/1997,09/30/1997,06/30/1997,03/31/1997,12/31/1996,09/30/1996,06/30/1996,03/31/1996,12/31/1995,09/30/1995,06/30/1995,03/31/1995,12/31/1994,09/30/1994,06/30/1994,03/31/1994
TotalRevenue,"4,353,656,000","2,019,818,000","1,084,292,000","661,551,000","587,995,000","528,477,000","513,806,000","452,874,000","458,473,000","392,037,000","472,219,000","473,065,000","494,132,000","504,238,000","565,227,000","543,155,000","638,697,000","518,724,000","574,774,000","558,685,000","505,719,000","531,900,000","553,815,000","504,048,000","489,614,000","391,845,000","411,344,000","445,220,000","484,249,000","387,519,000","491,416,000","466,425,000","522,301,000","534,100,000","492,210,000","521,074,000","566,459,000","623,400,000","600,952,000","615,252,000","683,300,000","529,625,000","538,907,000","574,679,000","551,665,000","480,035,000","505,677,000","459,468,000","476,745,000","388,523,000","387,709,000","383,781,000","344,800,000","320,900,000","397,894,000","589,105,000","460,785,000","326,335,000","306,241,000","322,494,000","321,643,000","237,149,000","267,041,000","271,121,000","285,588,000","219,136,000","214,872,000","244,900,000","229,722,000","206,502,000","184,916,000","223,700,000","208,300,000","171,600,000","163,606,000","203,200,000","173,500,000","151,500,000","140,009,000","157,700,000","139,300,000","117,400,000","127,439,000","156,200,000","121,400,000","121,400,000","125,447,000","125,448,000","125,448,000","125,448,000","123,425,000","123,427,000","123,427,000","123,427,000","126,500,000","126,400,000","126,400,000","126,400,000","128,400,000","128,300,000","128,300,000","128,300,000","118,500,000","118,400,000","118,400,000","118,400,000","102,400,000","102,400,000","102,400,000","102,400,000","78,500,000","78,500,000","78,500,000","78,500,000"
	OperatingRevenue,"4,353,656,000","2,019,818,000","1,084,292,000","661,551,000","587,995,000","528,477,000","513,806,000","452,874,000","458,473,000","392,037,000","472,219,000","473,065,000","494,132,000","504,238,000","565,227,000","543,155,000","638,697,000","518,724,000","574,774,000","558,685,000","505,719,000","531,900,000","553,815,000","504,048,000","489,614,000","391,845,000","411,344,000","445,220,000","484,249,000","387,519,000","491,416,000","466,425,000","522,301,000","534,100,000","492,210,000","521,074,000","566,459,000","623,400,000","600,952,000","615,252,000","683,300,000","529,625,000","538,907,000","574,679,000","551,665,000","480,035,000","505,677,000","459,468,000","476,745,000","388,523,000","387,709,000","383,781,000","344,800,000","320,900,000","397,894,000","589,105,000","460,785,000","326,335,000","306,241,000","322,494,000","321,643,000","237,149,000","267,041,000","271,121,000","285,588,000","219,136,000","214,872,000","244,900,000","229,722,000","206,502,000","184,916,000","223,700,000","208,300,000","171,600,000","163,606,000","203,200,000","173,500,000","151,500,000","140,009,000","157,700,000","139,300,000","117,400,000","127,439,000","156,200,000","121,400,000","121,400,000","125,447,000","125,448,000","125,448,000","125,448,000","123,425,000","123,427,000","123,427,000","123,427,000","126,500,000","126,400,000","126,400,000","126,400,000","128,400,000","128,300,000","128,300,000","128,300,000","118,500,000","118,400,000","118,400,000","118,400,000","102,400,000","102,400,000","102,400,000","102,400,000","78,500,000","78,500,000","78,500,000","78,500,000"
CostOfRevenue,"2,235,536,000","855,161,000","541,519,000","436,764,000","402,091,000","391,834,000","381,295,000","338,107,000","330,626,000","284,292,000","334,380,000","338,878,000","351,604,000","358,741,000","363,694,000","379,466,000","414,317,000","326,047,000","358,660,000","370,148,000","325,812,000","354,000,000","348,987,000","358,332,000","342,682,000","278,285,000","293,353,000","315,707,000","319,699,000","256,824,000","351,044,000","323,996,000","376,953,000","379,300,000","345,943,000","372,594,000","378,613,000","384,500,000","366,616,000","352,924,000","387,600,000","293,362,000","322,988,000","332,987,000","342,090,000","292,430,000","334,046,000","308,297,000","305,042,000","257,025,000","267,635,000","252,646,000","174,700,000","180,400,000","225,450,000","327,950,000","280,762,000","222,092,000","225,795,000","237,485,000","230,365,000","164,120,000","198,764,000","195,945,000","203,676,000","154,951,000","156,378,000","162,300,000","162,598,000","154,364,000","183,644,000","156,000,000","149,600,000","119,500,000","174,364,000","149,200,000","123,300,000","107,000,000","150,383,000","107,300,000","92,500,000","75,200,000","141,971,000","108,100,000",,,,,,,,,,,,,,,,,,,,,,,,,,,,,,
GrossProfit,"2,118,121,000","1,164,657,000","542,773,000","224,787,000","185,904,000","136,643,000","132,511,000","114,767,000","127,847,000","107,745,000","137,839,000","134,187,000","142,528,000","145,497,000","201,533,000","163,689,000","224,380,000","192,677,000","216,114,000","188,537,000","179,907,000","177,900,000","204,829,000","145,716,000","146,932,000","113,560,000","117,991,000","129,513,000","164,550,000","130,695,000","140,372,000","142,429,000","145,348,000","154,800,000","146,267,000","148,480,000","187,846,000","238,900,000","234,336,000","262,328,000","295,700,000","236,263,000","215,919,000","241,692,000","209,575,000","187,605,000","171,631,000","151,171,000","171,703,000","131,498,000","120,074,000","131,135,000","131,300,000","140,500,000","172,444,000","261,155,000","180,023,000","104,243,000","80,446,000","85,009,000","91,278,000","73,029,000","68,277,000","75,176,000","81,912,000","64,185,000","58,494,000","82,600,000","67,124,000","52,138,000","1,272,000","67,700,000","58,700,000","52,100,000","-10,758,000","54,000,000","50,200,000","44,500,000","-10,374,000","50,400,000","46,800,000","42,200,000","-14,532,000","48,100,000",,,,,,,,,,,,,,,,,,,,,,,,,,,,,,
OperatingExpense,"174,488,000","33,658,000","61,359,000","49,953,000","29,636,000","24,716,000","28,689,000","91,976,000","27,990,000","26,192,000","38,446,000","27,244,000","29,075,000","27,655,000","21,715,000","37,502,000","37,007,000","27,273,000","50,858,000","33,758,000","27,030,000","22,200,000","63,073,000","53,788,000","24,245,000","21,640,000","31,308,000","83,242,000","31,305,000","31,399,000","44,743,000","33,272,000","34,645,000","21,300,000","44,550,000","-54,127,000","34,058,000","23,300,000","46,152,000","34,042,000","25,300,000","27,474,000","-9,617,000","36,743,000","32,437,000","20,568,000","23,364,000","19,389,000","18,292,000","17,774,000","20,132,000","18,232,000","19,000,000","21,000,000","21,672,000","22,095,000","23,921,000","18,021,000","20,366,000","17,857,000","17,818,000","14,232,000","18,893,000","17,653,000","17,483,000","15,633,000","15,431,000","16,100,000","16,121,000","14,241,000","16,105,000","12,300,000","14,100,000","13,200,000","14,190,000","12,300,000","13,000,000","10,900,000","14,043,000","11,100,000","11,800,000","25,100,000","-35,452,000","26,400,000",,,,,,,,,,,,,,,,,,,,,,,,,,,,,,
	SellingGeneralAndAdministration,"97,768,000","14,389,000","34,763,000","35,098,000","13,443,000","9,955,000","13,733,000","75,269,000","12,849,000","11,242,000","22,732,000","12,716,000","12,069,000","16,181,000","23,042,000","27,298,000","31,080,000","12,372,000","12,971,000","26,518,000","23,876,000","22,200,000","10,630,000","21,834,000","22,716,000","9,014,000","17,786,000","19,338,000","23,382,000","11,658,000","16,444,000","23,000,000","23,507,000","21,300,000","15,843,000","25,392,000","27,377,000","23,300,000","-15,183,000","26,041,000","25,300,000","22,985,000","25,047,000","23,564,000","22,580,000","20,568,000","23,364,000","19,389,000","18,292,000","17,774,000","20,132,000","18,232,000","19,000,000","21,000,000","21,672,000","22,095,000","23,921,000","18,021,000","20,366,000","17,857,000","17,818,000","14,232,000","18,893,000","17,653,000","17,483,000","15,633,000","15,431,000","16,100,000","16,121,000","14,241,000","16,105,000","12,200,000","14,100,000","13,300,000","14,290,000","12,400,000","13,000,000","10,900,000","14,043,000","11,100,000","11,900,000","9,400,000","12,848,000","10,300,000",,,,,,,,,,,,,,,,,,,,,,,,,,,,,,
		GeneralAndAdministrativeExpense,"95,130,000","13,590,000","34,498,000","34,593,000","12,374,000","9,379,000","13,370,000","74,853,000","12,362,000","10,538,000","22,115,000","11,765,000","11,099,000","14,808,000","22,053,000","27,298,000","31,080,000","11,473,000","11,336,000","26,518,000","23,876,000","22,200,000","9,119,000","21,834,000","22,716,000","9,014,000","17,786,000","19,338,000","23,382,000","11,658,000","16,444,000","23,000,000","23,507,000","21,300,000","15,843,000","25,392,000","27,377,000","23,300,000","32,100,000","26,041,000","25,300,000","22,985,000",,"23,564,000","22,580,000","20,568,000","23,364,000","19,389,000","18,292,000","17,774,000",,"18,232,000",,,,,,,,,,,,,,,,,,,,,,,,,,,,,,,,,,,,,,,,,,,,,,,,,,,,,,,,,,,,,,
			SalariesAndWages,,,,,,,"14,801,000","14,525,000","13,144,000","12,679,000","17,099,000","14,820,000","14,633,000","13,701,000","19,782,000",,,"13,910,000","12,966,000",,,,"15,039,000",,,"10,062,000","10,765,000",,,"11,526,000","12,648,000",,,,"13,685,000",,,,,,,"11,052,000",,,,,,,,,,,,,,,,,,,,,,,,,,,,,,,,,,,,,,,,,,,,,,,,,,,,,,,,,,,,,,,,,,,,,,,,
			RentAndLandingFees,"3,522,000","199,000","951,000","1,500,000","872,000","155,000","946,000","169,000","568,000","342,000",,"1,082,000","1,422,000","682,000",,,,"290,000",,,,,,,,,,,,,,,,,,,,,,,,,,,,,,,,,,,,,,,,,,,,,,,,,,,,,,,,,,,,,,,,,,,,,,,,,,,,,,,,,,,,,,,,,,,,,,,,
			InsuranceAndClaims,,,,,,,,"1,011,000","967,000","-1,000,000","442,000","861,000","713,000","537,000","430,000",,,,,,,,,,,,,,,,,,,,,,,,,,,,,,,,,,,,,,,,,,,,,,,,,,,,,,,,,,,,,,,,,,,,,,,,,,,,,,,,,,,,,,,,,,,,,,,,,,,
			OtherGandA,,,,,,,"15,955,000","73,842,000","11,395,000","10,538,000","21,673,000","10,904,000","10,386,000","14,271,000","21,623,000","27,298,000","31,080,000","11,473,000","11,336,000","26,518,000","23,876,000","22,200,000","7,848,000","21,834,000","22,716,000","9,014,000","17,786,000","19,338,000","23,382,000","11,658,000","16,444,000","23,000,000","23,507,000","21,300,000","15,843,000","25,392,000","27,377,000","23,300,000","32,100,000",,,"11,933,000",,,,,,,,,,,,,,,,,,,,,,,,,,,,,,,,,,,,,,,,,,,,,,,,,,,,,,,,,,,,,,,,,,,,,,,,
		SellingAndMarketingExpense,"2,638,000","799,000","265,000","505,000","1,069,000","576,000","363,000","416,000","487,000","704,000","617,000","951,000","970,000","1,373,000","989,000",,,"899,000",,,,,,,,,,,,,,,,,,,,,,,,,,,,,,,,,,,,,,,,,,,,,,,,,,,,,,,,,,,,,,,,,,,,,,,,,,,,,,,,,,,,,,,,,,,,,,,,
	DepreciationAmortizationDepletionIncomeStatement,,,,,,,"691,000","1,196,000","169,000","615,000","1,433,000","405,000","403,000","401,000","1,662,000",,,"25,000","31,000",,,,"29,000","32,000","54,000","2,142,000","151,000",,,"63,000","4,892,000",,,,"77,000",,,,,,,"1,545,000",,,,,,,,,,,,,,,"1,671,000","659,000",,"551,000","589,000","558,000","371,000","287,000","-17,000","705,000","1,080,000","17,300,000","282,000","289,000","-44,630,000","15,900,000","14,800,000","14,800,000","-44,336,000","15,100,000","15,400,000","14,800,000","-45,595,000","15,200,000","15,400,000","15,700,000","-47,506,000","16,100,000",,,,,,,,,,,,,,,,,,,,,,,,,,,,,,
		DepreciationAndAmortizationInIncomeStatement,"3,021,000","853,000","794,000","707,000","667,000","693,000","691,000","1,196,000","169,000","615,000","1,433,000","405,000","403,000","401,000","1,662,000",,,"25,000","31,000",,,,"29,000","32,000","54,000","2,142,000","151,000",,,"63,000","4,892,000",,,,"77,000",,,,,,,"1,545,000",,,,,,,,,,,,,,,"1,671,000","659,000",,"551,000","589,000","558,000","371,000","287,000","-17,000","705,000","1,080,000","17,300,000","282,000","289,000","-44,630,000","15,900,000","14,800,000","14,800,000","-44,336,000","15,100,000","15,400,000","14,800,000","-45,595,000","15,200,000","15,400,000","15,700,000","-47,506,000","16,100,000",,,,,,,,,,,,,,,,,,,,,,,,,,,,,,
			DepreciationIncomeStatement,"3,019,000","824,000","794,000","707,000","667,000","666,000","664,000","1,170,000","144,000","602,000","1,431,000","403,000","402,000","401,000","8,000",,,"22,000","23,000",,,,"28,000","27,000",,"28,000","150,000",,,"63,000","4,892,000",,,,"77,000",,,,,,,"1,545,000",,,,,,,,,,,,,,,,,,,,,,,,,,,,,,,,,,,,,,,,,,,,,,,,,,,,,,,,,,,,,,,,,,,,,,,,
			Amortization,,"29,000",,,,"27,000","27,000","26,000","25,000","13,000","2,000","2,000","1,000","0","1,654,000",,,"3,000",,,,,"1,000",,,"2,114,000","1,000",,,,,,,,,,,,,,,,,,,,,,,,,,,,,,"1,671,000","659,000",,"551,000","589,000","558,000","371,000","287,000","-17,000","705,000","1,080,000",,"282,000","289,000",,,,,,,,,,,,,,,,,,,,,,,,,,,,,,,,,,,,,,,,,,,,
				AmortizationOfIntangiblesIncomeStatement,,,,,,,"27,000","26,000","25,000","13,000","2,000","2,000","1,000","0","1,654,000",,,"3,000",,,,,"1,000",,,"2,114,000","1,000",,,,,,,,,,,,,,,,,,,,,,,,,,,,,,"1,671,000","659,000",,"551,000","589,000","558,000","371,000","287,000","-17,000","705,000","1,080,000",,"282,000","289,000",,,,,,,,,,,,,,,,,,,,,,,,,,,,,,,,,,,,,,,,,,,,
	ProvisionForDoubtfulAccounts,,,,,,,,,,,,,,,,,,,,,,,,,,"-6,000",,,,"0",,,,,,,,,,,,,,,,,,,,,,,,,,,,,,,,,,,,,,,,,,,,,,,,,,,,,,,,,,,,,,,,,,,,,,,,,,,,,,,,,,,,
	OtherTaxes,,,,,,,"166,000","135,000","-148,000","203,000","-46,000","-363,000","399,000","214,000","202,000",,,"468,000","259,000",,,,"597,000","324,000",,"410,000","-4,359,000",,,"8,839,000","5,097,000",,,,"-5,550,000",,,,,,,,,,,,,,,,,,,,,,,,,,,,,,,,,,,,,,,,,,,,,,,,,,,,,,,,,,,,,,,,,,,,,,,,,,,,,,,
	OtherOperatingExpenses,"10,929,000","1,067,000","9,790,000","-2,211,000","2,155,000","2,228,000","-1,289,000","2,642,000","1,779,000","1,970,000","310,000","1,407,000","3,253,000","2,646,000","5,677,000","10,811,000","10,843,000","4,567,000","29,042,000","13,476,000","7,621,000",,"36,585,000","37,116,000","3,167,000","2,648,000","5,656,000","68,541,000","10,336,000","11,879,000","17,226,000","11,865,000","14,650,000",,"17,213,000","7,497,000","11,357,000",,"18,317,000","8,001,000",,"2,944,000",,"13,179,000","9,857,000",,,,,,,,,,,,"-1,671,000","-659,000",,,"-589,000","-558,000","-371,000",,"17,000","-705,000","-1,080,000","-17,300,000","-282,000","-289,000","44,630,000","-15,800,000","-14,800,000","-14,900,000","44,236,000","-15,200,000","-15,400,000","-14,800,000","45,595,000","-15,200,000","-15,500,000",,,,,,,,,,,,,,,,,,,,,,,,,,,,,,,,,
OperatingIncome,"1,943,633,000","1,130,999,000","481,414,000","174,834,000","156,268,000","111,927,000","103,822,000","22,791,000","99,857,000","81,553,000","99,393,000","106,943,000","113,453,000","117,842,000","179,818,000","126,187,000","187,373,000","165,404,000","165,256,000","154,779,000","152,877,000","155,700,000","141,756,000","91,928,000","122,687,000","91,920,000","86,683,000","46,271,000","133,245,000","99,296,000","95,629,000","109,157,000","110,703,000","133,500,000","101,717,000","202,607,000","153,788,000","215,600,000","188,184,000","228,286,000","270,400,000","208,789,000","225,536,000","204,949,000","177,138,000","167,037,000","148,267,000","131,782,000","153,411,000","113,724,000","99,942,000","112,903,000","151,100,000","119,500,000","150,772,000","239,060,000","156,102,000","86,222,000","60,080,000","67,152,000","73,460,000","58,797,000","49,384,000","57,523,000","64,429,000","48,552,000","43,063,000","66,500,000","51,003,000","37,897,000","-14,833,000","55,400,000","44,600,000","38,900,000","-24,948,000","41,700,000","37,200,000","33,600,000","-24,417,000","39,300,000","35,000,000","17,100,000","20,920,000","21,700,000","121,400,000","121,400,000","-308,922,000","125,448,000","125,448,000","125,448,000","-290,584,000","123,427,000","123,427,000","123,427,000","-305,200,000","126,400,000","126,400,000","126,400,000","-312,000,000","128,300,000","128,300,000","128,300,000","-278,600,000","118,400,000","118,400,000","118,400,000","-261,200,000","102,400,000","102,400,000","102,400,000","-205,400,000","78,500,000","78,500,000","78,500,000"
NetNonOperatingInterestIncomeExpense,"-82,214,000","-22,636,000","-25,384,000","-17,979,000","-18,326,000","-19,121,000","-19,423,000","-18,385,000","-17,733,000","-16,306,000","-11,050,000","-13,453,000","-13,742,000","-12,405,000","-11,816,000","-7,897,000","-9,620,000","-8,048,000","-7,623,000","-9,172,000","-9,563,000","-10,200,000","-9,724,000","-11,420,000","-12,681,000","-13,123,000","-14,857,000","-14,466,000","-15,376,000","-13,586,000","-13,213,000","-9,867,000","-11,418,000","-12,700,000","-11,579,000","-14,296,000","-11,276,000","-8,700,000","-3,742,000","-7,611,000","-7,200,000","-6,525,000","-3,212,000","-1,787,000","-6,156,000","-4,970,000","-2,079,000","-4,979,000","-9,537,000","-5,518,000",,"-5,158,000","-3,900,000","-3,900,000",,,,,,,,,,,,,,,,,,,,,,,,,,,,,,,,,,,,,,,,,,,,,,,,,,,,,,,,,,,,
	InterestIncomeNonOperating,"6,465,000","2,579,000","1,774,000","928,000","823,000","675,000","199,000","2,166,000","3,558,000","6,761,000","6,989,000","6,882,000","6,493,000","5,925,000","6,015,000","5,825,000","6,024,000","4,669,000","4,690,000","3,093,000","3,345,000","2,400,000","2,571,000","1,362,000","2,309,000","4,308,000","2,951,000","2,606,000","2,662,000","3,350,000","4,487,000","4,949,000","3,714,000","3,000,000","2,947,000","2,355,000","3,023,000","4,400,000","8,833,000","7,451,000","7,200,000","5,537,000","5,834,000","5,884,000","5,835,000","5,657,000","6,429,000","3,647,000","585,000","2,268,000",,"2,233,000","3,900,000","4,000,000",,,,,,,,,,,,,,,,,,,,,,,,,,,,,,,,,,,,,,,,,,,,,,,,,,,,,,,,,,,,
	InterestExpenseNonOperating,"88,010,000","23,241,000","27,272,000","18,914,000","18,596,000","19,219,000","20,312,000","20,324,000","20,913,000","22,547,000","19,043,000","18,111,000","17,881,000","16,457,000","14,835,000","13,722,000","15,644,000","12,155,000","11,449,000","12,265,000","12,908,000","12,600,000","13,055,000","12,782,000","14,990,000","17,187,000","18,503,000","16,923,000","18,038,000","16,662,000","17,499,000","14,589,000","15,132,000","15,700,000","14,216,000","16,470,000","14,299,000","13,100,000","12,575,000","15,062,000","14,400,000","12,062,000","9,046,000","7,671,000","11,991,000","10,627,000","8,508,000","8,626,000","10,122,000","7,786,000",,"7,391,000","7,800,000","7,900,000",,,,,,,,,,,,,,,,,,,,,,,,,,,,,,,,,,,,,,,,,,,,,,,,,,,,,,,,,,,,
	TotalOtherFinanceCost,"669,000","1,974,000","-114,000","-7,000","553,000","577,000","-690,000","227,000","378,000","520,000","-1,004,000","2,224,000","2,354,000","1,873,000","2,996,000",,,"562,000","864,000",,,,"-760,000",,,"244,000","-695,000","149,000",,"274,000","201,000","227,000",,,"310,000","181,000",,,,,,,,,,,,,,,,,,,,,,,,,,,,,,,,,,,,,,,,,,,,,,,,,,,,,,,,,,,,,,,,,,,,,,,,,,,,,,
OtherIncomeExpense,,,,,,,"1,579,000","5,202,000","-5,416,000","562,000","6,796,000","-6,680,000","-2,879,000","7,288,000","-6,754,000","-3,873,000","4,797,000","3,818,000","-4,791,000","8,174,000","-3,121,000","900,000","4,062,000","308,000","6,999,000","2,698,000","1,494,000","-7,867,000","-6,132,000","13,500,000","16,068,000","-1,062,000","1,664,000","-10,200,000","3,401,000","-10,528,000","521,000","-8,100,000","2,074,000","4,347,000","-5,800,000","2,261,000","-25,208,000","-7,053,000","6,961,000","-10,980,000","-22,558,000","-2,609,000","-2,533,000","-10,639,000","11,061,000","-2,090,000","-4,600,000","-9,300,000","-8,975,000","-7,685,000","17,312,000","-439,000","-3,451,000","-10,294,000","-5,208,000","-1,363,000","-6,577,000","-8,038,000","-11,798,000","-1,043,000","-6,543,000","-2,700,000","-8,524,000","-2,030,000","4,145,000","-1,600,000","-2,300,000","-1,500,000","1,895,000","-4,200,000","-1,300,000","1,100,000","-125,000","-2,300,000","-1,200,000","700,000","1,858,000","-3,200,000",,,,,,,,,,,,,,,,,,,,,,,,,,,,,,
	GainOnSaleOfSecurity,,,,,,,"3,032,000","1,236,000","-238,000","-2,601,000","2,879,000","-5,152,000","273,000","3,845,000","2,509,000","-8,836,000","-89,000","-514,000","-1,901,000","5,309,000","-6,375,000","1,700,000","8,671,000","1,019,000","2,579,000","-4,173,000","-2,460,000","-6,695,000","-12,918,000","9,710,000","-4,494,000","-7,741,000","-2,628,000","-1,700,000","-611,000","-2,501,000","-4,079,000","-4,800,000","-9,098,000","-2,384,000","-10,400,000","-4,913,000","-6,320,000","-11,846,000","-4,242,000","-2,899,000","1,068,000","-1,523,000",,"-3,133,000",,"-2,259,000",,,,,,,,,,,,,,,,,,,,,,,,,,,,,,,,,,,,,,,,,,,,,,,,,,,,,,,,,,,,,,
	EarningsFromEquityInterest,,,,,,,"-10,810,000","1,527,000","4,775,000","1,618,000","1,010,000","1,955,000","3,416,000","3,406,000","-8,354,000","5,213,000","5,070,000","4,422,000","3,886,000","2,742,000","3,169,000",,"606,000","1,844,000","4,852,000","5,744,000","4,831,000","-1,348,000","3,284,000","3,559,000","2,494,000","6,780,000","4,267,000",,"4,255,000","4,539,000","4,072,000",,,,,"8,064,000","6,894,000","4,876,000","6,382,000","3,657,000","2,382,000","3,301,000",,,,"190,000",,,,"3,832,000","9,582,000",,"3,701,000","-2,193,000","1,679,000","456,000","691,000","248,000","396,000","617,000",,,"1,615,000","147,000",,,,,,,,,,,,,,,,,,,,,,,,,,,,,,,,,,,,,,,,,,,,
	SpecialIncomeCharges,"-15,670,000","-7,028,000","10,909,000","-2,326,000","-16,045,000","1,943,000","9,751,000","2,478,000","-9,518,000","1,783,000","1,861,000","-3,481,000","-5,720,000","173,000","-815,000",,,"188,000","-5,303,000","-13,353,000","-7,536,000","-800,000","-6,280,000","-34,509,000","-1,961,000","2,317,000","-1,193,000","-63,728,000","-6,834,000","625,000","14,770,000",,"-11,113,000","-8,500,000","-308,000","-20,063,000","-10,829,000","-3,300,000","-13,185,000","6,731,000","4,600,000","-890,000","-25,782,000","-83,000","4,821,000","-11,738,000","-26,008,000","-4,387,000","-2,533,000","-7,506,000","11,061,000","-21,000","-4,600,000","-9,300,000","4,489,000","-7,685,000","7,730,000","-439,000","-7,152,000","-10,294,000","-6,887,000","-1,819,000","-7,268,000","-8,038,000","-11,798,000","-1,660,000","-9,139,000","-2,700,000","-10,139,000","-2,177,000","-365,000","-1,600,000","-2,300,000","-1,500,000","-3,633,000","-4,200,000","-1,300,000","1,100,000","371,000","-2,300,000","-1,200,000","700,000","1,858,000","-3,200,000",,,,,,,,,,,,,,,,,,,,,,,,,,,,,,
		RestructuringAndMergernAcquisition,,,,,,,,,,,,,,,,,,,"0",,,,,,,,,,,,,,,,"-455,000",,,,,,,,,,,,,,,,,,,,,,,,,,,,,,,,,,,,,,,,,,,,,,,,,,,,,,,,,,,,,,,,,,,,,,,,,,,,,,,
		ImpairmentOfCapitalAssets,"9,259,000","291,000","-289,000","503,000","8,754,000","-2,908,000","10,028,000","847,000","629,000","0","1,569,000","0",,,,,,,,,,,"48,000","13,000",,,,,,,"0",,,,"358,000",,,,,,,"622,000",,,,,,,,,,,,,,,,,,,,,,,,,,,,,,,,,,,,,,,,,,,,,,,,,,,,,,,,,,,,,,,,,,,,,,,,
		WriteOff,"8,449,000","4,965,000","-1,353,000","-1,885,000","6,723,000","-1,240,000","-9,716,000","-5,456,000","5,966,000","-2,230,000","-5,453,000","3,200,000","3,233,000","-554,000","4,907,000",,,"-599,000","3,569,000",,,,"6,978,000",,,"154,000","1,281,000",,,"76,000","-29,000",,,,"-569,000",,,,,,,,,,,,,,,,,,,,,,,,,,,,,,,,,,,,,,,,,,,,,,,,,,,,,,,,,,,,,,,,,,,,,,,,,,,,,,,
		OtherSpecialCharges,"-2,038,000","1,772,000","-9,267,000","3,708,000","568,000","2,205,000","-10,063,000","2,131,000","2,783,000","447,000","1,883,000","281,000","2,487,000","381,000","1,908,000",,,"411,000","1,734,000",,,"800,000","-746,000","2,542,000",,"-2,471,000","-88,000",,,"-701,000","-14,741,000",,,,"974,000",,,,,,,"268,000",,,,"11,738,000",,,,,,,,,,,,,,,,,,,,,,,,,,,,,,,,,,,,,,,,,,,,,,,,,,,,,,,,,,,,,,,,,,,,
		GainOnSaleOfBusiness,,,,,,,,"-12,362,000",,,,,,,,,,,,,,,,,,,,,,,,,,,"0",,,,,,,,,,,,,,,,,,,,,,,,,,,,,,,,,,,,,,,,,,,,,,,,,,,,,,,,,,,,,,,,,,,,,,,,,,,,,,,
		GainOnSaleOfPPE,,,,,,,"1,679,000","719,000","76,000",,,,,,,,,"331,000","591,000",,,,"626,000",,,"3,000","3,000",,,"0","13,039,000",,,,"160,000",,,,,,,,,,,,,,,,,,,,,,,,,,,,,,,,,,,,,,,,,,,,,,,,,,,,,,,,,,,,,,,,,,,,,,,,,,,,,,,
	OtherNonOperatingIncomeExpenses,,,"-710,000","109,000","-31,000",,"-700,000","-60,600,000","-435,000","1,800,000","1,900,000","-2,000","-848,000","-6,000","-94,000","-250,000","-184,000","-278,000","-31,000","123,000","85,000","-800,000","-646,000","-2,555,000","-432,000","-1,000","-11,900,000","176,000","3,502,000","394,000","8,400,000","-101,000","25,000","-8,500,000","65,000","-12,566,000","528,000","-3,300,000","-2,800,000",,,,,,,,,,,,,,,,,,,,,,,,,,,,,,,,,,,,,,,,,,,,,,,,,,,,,,,,,,,,,,,,,,,,,,,,,,,
PretaxIncome,"1,856,954,000","1,111,447,000","466,146,000","152,370,000","126,990,000","95,714,000","86,135,000","9,647,000","76,708,000","66,047,000","94,125,000","86,810,000","96,832,000","112,855,000","162,897,000","114,417,000","182,550,000","161,174,000","154,284,000","153,781,000","140,193,000","146,300,000","134,383,000","80,816,000","117,005,000","82,684,000","73,007,000","23,938,000","111,737,000","99,604,000","95,186,000","98,228,000","100,949,000","110,600,000","93,539,000","177,783,000","143,033,000","198,800,000","186,516,000","225,022,000","257,400,000","204,525,000","208,690,000","196,109,000","177,943,000","151,087,000","129,500,000","124,892,000","141,341,000","97,567,000","93,549,000","103,946,000","103,900,000","106,300,000","143,306,000","228,518,000","158,414,000","82,612,000","56,385,000","56,858,000","65,089,000","54,073,000","38,710,000","49,485,000","52,631,000","43,014,000","32,708,000","42,100,000","39,512,000","32,580,000","27,076,000","36,400,000","23,800,000","19,100,000","17,693,000","17,800,000","15,900,000","14,700,000","12,464,000","15,400,000","11,700,000","11,400,000","9,043,000","12,900,000",,,,,,,,,,,,,,,,,,,,,,,,,,,,,,
TaxProvision,"537,089,000","314,073,000","143,128,000","43,808,000","36,079,000","26,000,000","17,804,000","6,309,000","25,473,000","20,592,000","25,970,000","25,562,000","26,616,000","31,871,000","52,743,000","30,077,000","48,864,000","47,291,000","42,797,000","40,766,000","39,319,000","43,300,000","51,849,000","23,824,000","33,255,000","24,036,000","19,180,000","8,919,000","27,875,000","27,792,000","73,633,000","29,347,000","28,841,000","28,900,000","21,471,000","36,921,000","34,052,000","46,100,000","42,162,000","57,632,000","63,500,000","52,771,000","47,014,000","49,303,000","44,437,000","38,956,000","21,670,000","28,330,000","35,332,000","20,696,000","16,098,000","18,004,000","21,400,000","21,000,000","26,963,000","37,907,000","29,811,000","13,270,000","10,336,000","14,181,000","13,518,000","10,557,000","6,859,000","11,475,000","11,191,000","8,391,000","5,971,000","9,900,000","9,443,000","7,185,000","7,508,000","8,400,000","7,000,000","4,400,000","3,756,000","4,500,000","3,900,000","3,900,000","2,664,000","3,800,000","2,500,000","1,800,000","138,000","3,200,000",,,,,,,,,,,,,,,,,,,,,,,,,,,,,,
NetIncomeCommonStockholders,"1,313,601,000","796,119,000","321,578,000","106,103,000","89,801,000","67,972,000","66,993,000","1,703,000","50,835,000","44,987,000","66,891,000","60,500,000","70,191,000","80,533,000","108,632,000","83,501,000","133,872,000","113,825,000","110,454,000","112,857,000","101,154,000","103,200,000","80,864,000","55,813,000","83,087,000","58,526,000","51,779,000","13,673,000","83,219,000","71,685,000","18,473,000","66,349,000","71,063,000","81,000,000","68,974,000","138,907,000","107,426,000","151,800,000","141,750,000","165,180,000","192,200,000","150,029,000","158,896,000","143,246,000","132,221,000","111,395,000","105,797,000","94,803,000","105,029,000","76,493,000","75,359,000","85,215,000","83,100,000","86,300,000","120,336,000","190,575,000","125,712,000","64,784,000","44,587,000","41,490,000","50,981,000","42,963,000","29,655,000","36,360,000","40,975,000","34,287,000","26,802,000","32,200,000","29,745,000","24,751,000","18,632,000","25,700,000","15,900,000","14,000,000","10,653,000","13,300,000","12,000,000","10,800,000","9,800,000","11,600,000","9,200,000","9,600,000","8,102,000","8,400,000","6,800,000","6,800,000","6,674,000","6,672,000","6,672,000","6,672,000","12,018,000","12,019,000","12,019,000","12,019,000","16,800,000","16,800,000","16,800,000","16,800,000","15,500,000","15,600,000","15,600,000","15,600,000","17,400,000","17,600,000","17,600,000","17,600,000","10,200,000","10,200,000","10,200,000","10,100,000","5,900,000","5,800,000","5,800,000","5,800,000"
	NetIncome,"1,313,601,000","796,119,000","321,578,000","106,103,000","89,801,000","67,972,000","66,993,000","1,703,000","50,835,000","44,987,000","66,891,000","60,500,000","70,191,000","80,533,000","108,632,000","83,501,000","133,872,000","113,825,000","110,454,000","112,857,000","101,154,000","103,200,000","80,864,000","55,813,000","83,087,000","58,526,000","51,779,000","13,673,000","83,219,000","71,685,000","18,473,000","66,349,000","71,063,000","81,000,000","68,974,000","138,907,000","107,426,000","151,800,000","141,750,000","165,180,000","192,200,000","150,029,000","158,896,000","143,246,000","132,221,000","111,395,000","105,797,000","94,803,000","105,029,000","76,493,000","75,359,000","85,215,000","83,100,000","86,300,000","120,336,000","190,575,000","125,712,000","64,784,000","44,587,000","41,490,000","50,981,000","42,963,000","29,655,000","36,360,000","40,975,000","34,287,000","26,802,000","32,200,000","29,745,000","24,751,000","18,632,000","25,700,000","15,900,000","14,000,000","10,653,000","13,300,000","12,000,000","10,800,000","9,800,000","11,600,000","9,200,000","9,600,000","8,102,000","8,400,000","6,800,000","6,800,000","6,674,000","6,672,000","6,672,000","6,672,000","12,018,000","12,019,000","12,019,000","12,019,000","16,800,000","16,800,000","16,800,000","16,800,000","15,500,000","15,600,000","15,600,000","15,600,000","17,400,000","17,600,000","17,600,000","17,600,000","10,200,000","10,200,000","10,200,000","10,100,000","5,900,000","5,800,000","5,800,000","5,800,000"
		NetIncomeIncludingNoncontrollingInterests,"1,319,865,000","797,374,000","323,018,000","108,562,000","90,911,000","69,714,000","68,331,000","3,338,000","51,235,000","45,455,000","68,155,000","61,248,000","70,216,000","80,984,000","110,154,000","84,340,000","133,686,000","113,883,000","111,487,000","113,015,000","100,874,000","103,000,000","82,534,000","56,992,000","83,750,000","58,648,000","53,827,000","15,019,000","83,862,000","71,812,000","21,553,000","68,881,000","72,108,000","81,700,000","72,068,000","140,862,000","108,981,000","152,700,000","144,354,000","167,390,000","193,900,000","151,754,000","161,676,000","146,806,000","133,506,000","112,131,000","107,830,000","96,562,000","106,009,000","76,871,000","77,451,000","85,942,000","83,100,000","86,300,000","116,343,000","190,611,000","128,603,000","69,342,000","46,049,000","42,677,000","51,571,000","43,516,000","31,851,000","38,010,000","41,457,000","34,674,000","26,760,000","32,200,000","30,111,000","25,455,000","23,771,000","25,700,000","15,900,000","14,000,000","14,307,000","13,300,000","12,000,000","10,800,000","12,161,000","11,600,000","9,200,000","9,600,000","10,485,000","8,400,000","6,800,000","6,800,000","9,604,000","6,672,000","6,672,000","6,672,000","15,126,000","12,019,000","12,019,000","12,019,000","20,000,000","16,800,000","16,800,000","16,800,000","16,800,000","15,600,000","15,600,000","15,600,000","21,300,000","17,600,000","17,600,000","17,600,000","11,700,000","10,200,000","10,200,000","10,100,000","6,400,000","5,800,000","5,800,000","5,800,000"
			NetIncomeContinuousOperations,"1,319,865,000","797,374,000","323,018,000","108,562,000","90,911,000","69,714,000","68,331,000","3,338,000","51,235,000","45,455,000","68,155,000","61,248,000","70,216,000","80,984,000","110,154,000","84,340,000","133,686,000","113,883,000","111,487,000","113,015,000","100,874,000","103,000,000","82,534,000","56,992,000","83,750,000","58,648,000","53,827,000","15,019,000","83,862,000","71,812,000","21,553,000","68,881,000","72,108,000","81,700,000","72,068,000","140,862,000","108,981,000","152,700,000","144,354,000","167,390,000","193,900,000","151,754,000","161,676,000","146,806,000","133,506,000","112,131,000","107,830,000","96,562,000","106,009,000","76,871,000","77,451,000","85,942,000","83,100,000","86,300,000","123,828,000","190,575,000","125,712,000","64,784,000","44,587,000","41,490,000","50,981,000","42,963,000","29,655,000","36,360,000","40,975,000","34,287,000","26,802,000","32,200,000","29,745,000","24,751,000","18,632,000","25,700,000","15,900,000","14,000,000","10,653,000","13,300,000","12,000,000","10,800,000","9,800,000","11,600,000","9,200,000","9,600,000","12,622,000","8,400,000","6,800,000","6,800,000","6,674,000","6,672,000","6,672,000","6,672,000","12,018,000","12,019,000","12,019,000","12,019,000","16,800,000","16,800,000","16,800,000","16,800,000","15,500,000","15,600,000","15,600,000","15,600,000","17,400,000","17,600,000","17,600,000","17,600,000","10,200,000","10,200,000","10,200,000","10,100,000","5,900,000","5,800,000","5,800,000","5,800,000"
			NetIncomeDiscontinuousOperations,,,,,,,,,,,,,,,,,,,,,,,,,,,,,,,,,,,,,,,,,,,,,,,,"0","0",,,"0",,,,,,,,,,,,,,,,,,,,,,,,,,,,,,,,,,,,,,,,,,,,,,,,,,,,,,,,,,,,,,
		MinorityInterests,"-6,264,000","-1,255,000","-1,440,000","-2,459,000","-1,110,000","-1,742,000","-1,338,000","-1,635,000","-400,000","-468,000","-1,264,000","-748,000","-25,000","-451,000","-1,522,000","-839,000","186,000","-58,000","-1,033,000","-158,000","280,000","200,000","-1,670,000","-1,179,000","-663,000","-122,000","-2,048,000","-1,346,000","-643,000","-127,000","-3,080,000","-2,532,000","-1,045,000","-700,000","-3,094,000","-1,955,000","-1,555,000","-900,000","-2,604,000","-2,210,000","-1,700,000","-1,725,000","-2,780,000","-3,560,000","-1,285,000","-736,000","-2,033,000","-1,759,000","-980,000","-378,000","-2,092,000","-727,000",,,"3,993,000","-36,000","-2,891,000","-4,558,000","-1,462,000","-1,187,000","-590,000","-553,000","-2,196,000","-1,650,000","-482,000","-387,000","42,000",,"-366,000","-704,000",,,,,,,,,,,,,,,,,,,,,,,,,,,,,,,,,,,,,,,,,,,,
	OtherunderPreferredStockDividend,"0","0","0","0","0","0","0","0","0","0","0","0","0","0","0","0","0","0","0","0","0","0","0","0","0","0","0","0","0","0","0","0","0","0","0","0","0","0","0",,,,,,,,,,,,,,,,,,,,,,,,,,,,,,,,,,,,,,,,,,,,,,,,,,,,,,,,,,,,,,,,,,,,,,,,,,,
DilutedNIAvailtoComStockholders,"1,313,601,000","796,119,000","321,578,000","106,103,000","89,801,000","67,972,000","66,993,000","1,703,000","50,835,000","44,987,000","66,891,000","60,500,000","70,191,000","80,533,000","108,632,000","83,501,000","133,872,000","113,825,000","110,454,000","112,857,000","101,154,000","103,200,000","80,864,000","55,813,000","83,087,000","58,526,000","51,779,000","13,673,000","83,219,000","71,685,000","18,473,000","66,349,000","71,063,000","81,000,000","68,974,000","138,907,000","107,426,000","151,800,000","141,750,000","165,180,000","192,200,000","150,029,000","158,896,000","143,246,000","132,221,000","111,395,000","105,797,000","94,803,000","105,029,000","76,493,000","75,359,000","85,215,000","83,100,000","86,300,000","120,336,000","190,575,000","125,712,000","64,784,000","44,587,000","41,490,000","50,981,000","42,963,000","29,655,000","36,360,000","40,975,000","34,287,000","26,802,000","32,200,000","29,745,000","24,751,000","18,632,000","25,700,000","15,900,000","14,000,000","10,653,000","13,300,000","12,000,000","10,800,000","9,800,000","11,600,000","9,200,000","9,600,000","8,102,000","8,400,000","6,800,000","6,800,000","6,674,000","6,672,000","6,672,000","6,672,000","12,018,000","12,019,000","12,019,000","12,019,000","16,800,000","16,800,000","16,800,000","16,800,000","15,500,000","15,600,000","15,600,000","15,600,000","17,400,000","17,600,000","17,600,000","17,600,000","10,200,000","10,200,000","10,200,000","10,100,000","5,900,000","5,800,000","5,800,000","5,800,000"
BasicEPS,,,,"0.371","0.314","0.258","0.248","0.006","0.192","0.17","0.248","0.265","0.265","0.304","0.407","0.315","0.505","0.392","0.417","0.426","0.382","0.387","0.308","0.21","0.313","0.221","0.169","0.052","0.314","0.27","0.298","0.25","0.268","0.308","0.258","0.524","0.405","0.576","0.536","0.623","0.725","0.566",,"0.54","0.499","0.42",,"0.358","0.396","0.289",,"0.321","0.314","0.326",,"0.719","0.475","0.244",,"0.156","0.192","0.162",,"0.137","0.155","0.129",,"0.121","0.112","0.093",,"0.097","0.06","0.053",,"0.05","0.046","0.041",,"0.044","0.035","0.036",,"0.032","0.026","0.026",,"0.022","0.022","0.022",,"0.04","0.04","0.04",,"0.067","0.067","0.067",,"0.065","0.065","0.065",,"0.077","0.077","0.077",,"0.053","0.053","0.053",,"0.029","0.029","0.029"
DilutedEPS,,,,"0.371","0.314","0.258","0.248","0.006","0.192","0.17","0.248","0.265","0.265","0.304","0.407","0.315","0.505","0.392","0.417","0.426","0.382","0.387","0.308","0.21","0.313","0.221","0.169","0.052","0.314","0.27","0.298","0.25","0.268","0.308","0.258","0.524","0.405","0.576","0.536","0.623","0.725","0.566",,"0.54","0.499","0.42",,"0.358","0.396","0.289",,"0.321","0.314","0.326",,"0.719","0.475","0.244",,"0.156","0.192","0.162",,"0.137","0.155","0.129",,"0.121","0.112","0.093",,"0.097","0.06","0.053",,"0.05","0.046","0.041",,"0.044","0.035","0.036",,"0.032","0.026","0.026",,"0.022","0.022","0.022",,"0.04","0.04","0.04",,"0.067","0.067","0.067",,"0.065","0.065","0.065",,"0.077","0.077","0.077",,"0.053","0.053","0.053",,"0.029","0.029","0.029"
BasicAverageShares,,,,"285,638,456","285,626,590","263,253,292","269,948,628","263,905,002","265,171,524","265,110,225","269,545,720","228,496,046","265,096,958","265,110,225","266,803,977","265,158,057","265,130,522","265,110,225","265,008,204","265,106,304","265,130,083","266,539,403","262,865,238","265,183,096","265,097,008","265,110,225","264,260,509","265,364,478","265,182,174","265,110,225","261,890,460","265,098,864","265,109,997","263,190,165","267,314,227","265,094,719","265,083,524","263,627,134","264,501,903","265,110,225","265,202,036","265,110,225",,"265,110,225","265,110,225","265,110,225",,"265,110,225","265,078,090","265,110,225",,"265,110,225",,"265,051,533",,"265,110,221","265,110,221","265,110,221",,"265,110,221","265,110,221","265,110,221",,"265,110,221","265,110,221","265,110,221",,"265,110,221","265,110,705","265,110,705",,"265,110,221","265,110,221","265,110,221",,"265,110,221","265,110,221","265,110,221",,"265,110,221","265,110,221","265,110,221",,"265,110,221","263,440,108","263,440,108",,"298,689,427","298,689,427","298,689,427",,"302,659,754","302,659,754","302,659,754",,"252,569,445","252,569,445","252,569,445",,"241,745,040","241,745,040","241,745,040",,"227,281,662","227,281,662","227,281,662",,"193,852,155","193,852,155","191,951,643",,"201,454,200","201,454,200","201,454,200"
DilutedAverageShares,,,,"285,638,456","285,626,590","263,253,292","269,948,628","263,905,002","265,171,524","265,110,225","269,545,720","228,496,046","265,096,958","265,110,225","266,803,977","265,158,057","265,130,522","265,110,225","265,008,204","265,106,304","265,130,083","266,539,403","262,865,238","265,183,096","265,097,008","265,110,225","264,260,509","265,364,478","265,182,174","265,110,225","261,890,460","265,098,864","265,109,997","263,190,165","267,314,227","265,094,719","265,083,524","263,627,134","264,501,903","265,110,225","265,202,036","265,110,225",,"265,110,225","265,110,225","265,110,225",,"265,110,225","265,078,090","265,110,225",,"265,110,225",,"265,051,533",,"265,110,221","265,110,221","265,110,221",,"265,110,221","265,110,221","265,110,221",,"265,110,221","265,110,221","265,110,221",,"265,110,221","265,110,705","265,110,705",,"265,110,221","265,110,221","265,110,221",,"265,110,221","265,110,221","265,110,221",,"265,110,221","265,110,221","265,110,221",,"265,110,221","263,440,108","263,440,108",,"298,689,427","298,689,427","298,689,427",,"302,659,754","302,659,754","302,659,754",,"252,569,445","252,569,445","252,569,445",,"241,745,040","241,745,040","241,745,040",,"227,281,662","227,281,662","227,281,662",,"193,852,155","193,852,155","191,951,643",,"201,454,200","201,454,200","201,454,200"
TotalOperatingIncomeAsReported,"1,937,232,000","1,124,866,000","490,926,000","173,029,000","148,411,000","114,922,000","98,449,000","26,909,000","93,751,000","83,396,000","105,289,000","103,471,000","106,885,000","118,009,000","190,226,000","125,937,000","187,189,000","165,314,000","159,922,000","154,902,000","152,962,000","155,700,000","142,466,000","89,373,000","122,255,000","94,236,000","85,493,000","46,447,000","136,747,000","99,921,000","110,399,000","109,056,000","110,728,000","133,500,000","101,474,000","190,041,000","154,316,000","215,600,000","195,030,000","228,286,000",,"207,850,000","204,383,000","204,949,000",,"167,037,000","111,621,000","131,782,000",,"113,724,000","99,942,000","112,903,000","112,300,000","119,500,000","150,772,000","239,060,000","156,102,000","86,222,000","60,080,000","67,152,000","73,460,000","58,797,000","49,384,000","57,523,000","64,429,000","48,552,000","43,063,000","49,200,000","51,003,000","37,897,000","30,667,000","39,600,000","29,800,000","24,000,000","20,152,000","26,600,000","21,800,000","18,800,000","21,983,000","24,100,000","19,500,000","17,100,000","20,920,000","21,700,000",,,,,,,,,,,,,,,,,,,,,,,,,,,,,,
RentExpenseSupplemental,"71,654,000","18,129,000","16,224,000","17,418,000","19,883,000","17,059,000","12,631,000","17,194,000","16,202,000","13,459,000","13,505,000","12,786,000","8,255,000","12,461,000","15,303,000",,,"21,054,000","10,129,000",,,,"31,945,000",,,"23,189,000","27,900,000",,,,,,,,,,,,,,,,,,,,,,,,,,,,,,,,,,,,,,,,,,,,,,,,,,,,,,,,,,,,,,,,,,,,,,,,,,,,,,,,,,,,,,,
TotalExpenses,"2,410,024,000","888,819,000","602,878,000","486,717,000","431,727,000","416,550,000","409,984,000","430,083,000","358,616,000","310,484,000","372,826,000","366,122,000","380,679,000","386,396,000","385,409,000","416,968,000","451,324,000","353,320,000","409,518,000","403,906,000","352,842,000","376,200,000","412,060,000","412,120,000","366,927,000","299,925,000","324,661,000","398,949,000","351,004,000","288,223,000","395,787,000","357,268,000","411,598,000","400,600,000","390,493,000","318,467,000","412,671,000","407,800,000","412,768,000","386,966,000","412,900,000","320,836,000","313,371,000","369,730,000","374,527,000","312,998,000","357,410,000","327,686,000","323,334,000","274,799,000","287,767,000","270,878,000","193,700,000","201,400,000","247,122,000","350,045,000","304,683,000","240,113,000","246,161,000","255,342,000","248,183,000","178,352,000","217,657,000","213,598,000","221,159,000","170,584,000","171,809,000","178,400,000","178,719,000","168,605,000","199,749,000","168,300,000","163,700,000","132,700,000","188,554,000","161,500,000","136,300,000","117,900,000","164,426,000","118,400,000","104,300,000","100,300,000","106,519,000","134,500,000",,,,,,,,,,,,,,,,,,,,,,,,,,,,,,
NetIncomeFromContinuingAndDiscontinuedOperation,"1,313,601,000","796,119,000","321,578,000","106,103,000","89,801,000","67,972,000","66,993,000","1,703,000","50,835,000","44,987,000","66,891,000","60,500,000","70,191,000","80,533,000","108,632,000","83,501,000","133,872,000","113,825,000","110,454,000","112,857,000","101,154,000","103,200,000","80,864,000","55,813,000","83,087,000","58,526,000","51,779,000","13,673,000","83,219,000","71,685,000","18,473,000","66,349,000","71,063,000","81,000,000","68,974,000","138,907,000","107,426,000","151,800,000","141,750,000","165,180,000","192,200,000","150,029,000","158,896,000","143,246,000","132,221,000","111,395,000","105,797,000","94,803,000","105,029,000","76,493,000","75,359,000","85,215,000","83,100,000","86,300,000","120,336,000","190,575,000","125,712,000","64,784,000","44,587,000","41,490,000","50,981,000","42,963,000","29,655,000","36,360,000","40,975,000","34,287,000","26,802,000","32,200,000","29,745,000","24,751,000","18,632,000","25,700,000","15,900,000","14,000,000","10,653,000","13,300,000","12,000,000","10,800,000","9,800,000","11,600,000","9,200,000","9,600,000","12,622,000","8,400,000","6,800,000","6,800,000","6,674,000","6,672,000","6,672,000","6,672,000","12,018,000","12,019,000","12,019,000","12,019,000","16,800,000","16,800,000","16,800,000","16,800,000","15,500,000","15,600,000","15,600,000","15,600,000","17,400,000","17,600,000","17,600,000","17,600,000","10,200,000","10,200,000","10,200,000","10,100,000","5,900,000","5,800,000","5,800,000","5,800,000"
NormalizedIncome,"1,318,599,126.329","800,517,078","313,672,081.335","107,705,388.515","95,403,563.084","65,791,640","58,888,634.806","-1,186,340","54,762,788.562","43,718,606.81","62,644,934.449","62,948,226.702","74,338,756.114","80,408,856.347","102,645,435.717","83,501,000","133,872,000","113,692,162.173","114,285,995.288","112,857,000","101,154,000","103,200,000","80,031,185.552","55,813,000","83,087,000","56,882,545.208","52,658,581.561","13,673,000","83,219,000","71,234,390.587","6,657,000","66,349,000","71,063,000","81,000,000","69,569,301.489","138,907,000","107,426,000","151,800,000","138,264,130.605","161,946,341.38","196,569,153.069","154,334,725.276","183,766,012.708","152,175,976.564","131,786,591.375","122,258,022.279","126,563,642.471","99,372,399.321","106,928,808.244","84,875,245.729","66,201,387.294","87,100,091.875","86,752,550.529","93,762,746.943","116,691,604.601","196,985,197.599","119,436,663.287","65,152,483.247","50,427,958.553","49,216,565.092","56,437,674.354","44,426,865.589","35,635,187.755","42,534,080.63","50,264,375.463","35,623,173.804","34,272,632.353","34,265,083.135","37,460,873.431","26,447,897.33","18,895,787.856","26,930,769.231","17,523,529.412","15,154,450.262","13,514,760.075","16,438,202.247","12,981,132.075","9,991,836.735","9,508,295.892","13,332,467.532","10,143,589.744","9,010,526.316","10,792,353.865","10,806,201.55","6,800,000","6,800,000","6,674,000","6,672,000","6,672,000","6,672,000","12,018,000","12,019,000","12,019,000","12,019,000","16,800,000","16,800,000","16,800,000","16,800,000","15,500,000","15,600,000","15,600,000","15,600,000","17,400,000","17,600,000","17,600,000","17,600,000","10,200,000","10,200,000","10,200,000","10,100,000","5,900,000","5,800,000","5,800,000","5,800,000"
InterestIncome,"6,465,000","2,579,000","1,774,000","928,000","823,000","675,000","199,000","2,166,000","3,558,000","6,761,000","6,989,000","6,882,000","6,493,000","5,925,000","6,015,000","5,825,000","6,024,000","4,669,000","4,690,000","3,093,000","3,345,000","2,400,000","2,571,000","1,362,000","2,309,000","4,308,000","2,951,000","2,606,000","2,662,000","3,350,000","4,487,000","4,949,000","3,714,000","3,000,000","2,947,000","2,355,000","3,023,000","4,400,000","8,833,000","7,451,000","7,200,000","5,537,000","5,834,000","5,884,000","5,835,000","5,657,000","6,429,000","3,647,000","585,000","2,268,000",,"2,233,000","3,900,000","4,000,000","7,187,000","1,163,000","2,525,000","2,983,000","2,815,000","1,871,000","2,104,000",,"1,912,000","3,402,000","4,207,000","1,889,000","1,343,000",,"1,661,000","1,204,000","1,050,000",,"1,000,000","600,000","457,000","1,100,000",,,,,,,,,,,,,,,,,,,,,,,,,,,,,,,,,,,,,,
InterestExpense,"88,010,000","23,241,000","27,272,000","18,914,000","18,596,000","19,219,000","20,312,000","20,324,000","20,913,000","22,547,000","19,043,000","18,111,000","17,881,000","16,457,000","14,835,000","13,722,000","15,644,000","12,155,000","11,449,000","12,265,000","12,908,000","12,600,000","13,055,000","12,782,000","14,990,000","17,187,000","18,503,000","16,923,000","18,038,000","16,662,000","17,499,000","14,589,000","15,132,000","15,700,000","14,216,000","16,470,000","14,299,000","13,100,000","12,575,000","15,062,000","14,400,000","12,062,000","9,046,000","7,671,000","11,991,000","10,627,000","8,508,000","8,626,000","10,122,000","7,786,000",,"7,391,000","7,800,000","7,900,000","5,678,000","4,020,000","15,854,000","5,495,000","4,757,000","5,154,000","4,678,000",,"5,638,000","7,762,000","8,565,000","5,628,000","4,052,000",,"4,304,000","4,142,000","3,182,000",,"5,600,000","4,700,000","3,577,000","5,600,000",,,"10,366,000","6,400,000","6,600,000","6,400,000","13,971,000","6,900,000",,,,,,,,,,,,,,,,,,,,,,,,,,,,,,
NetInterestIncome,"-82,214,000","-22,636,000","-25,384,000","-17,979,000","-18,326,000","-19,121,000","-19,423,000","-18,385,000","-17,733,000","-16,306,000","-11,050,000","-13,453,000","-13,742,000","-12,405,000","-11,816,000","-7,897,000","-9,620,000","-8,048,000","-7,623,000","-9,172,000","-9,563,000","-10,200,000","-9,724,000","-11,420,000","-12,681,000","-13,123,000","-14,857,000","-14,466,000","-15,376,000","-13,586,000","-13,213,000","-9,867,000","-11,418,000","-12,700,000","-11,579,000","-14,296,000","-11,276,000","-8,700,000","-3,742,000","-7,611,000","-7,200,000","-6,525,000","-3,212,000","-1,787,000","-6,156,000","-4,970,000","-2,079,000","-4,979,000","-9,537,000","-5,518,000",,"-5,158,000","-3,900,000","-3,900,000",,,,,,,,,,,,,,,,,,,,,,,,,,,,,,,,,,,,,,,,,,,,,,,,,,,,,,,,,,,,
EBIT,"1,944,964,000","1,134,688,000","493,418,000","171,284,000","145,586,000","114,933,000","106,447,000","29,971,000","97,621,000","88,594,000","113,168,000","104,921,000","114,713,000","129,312,000","177,732,000","128,139,000","198,194,000","173,329,000","165,733,000","166,046,000","153,101,000","158,900,000","147,438,000","93,598,000","131,995,000","99,871,000","91,510,000","40,861,000","129,775,000","116,266,000","112,685,000","112,817,000","116,081,000","126,300,000","107,755,000","194,253,000","157,332,000","211,900,000","199,091,000","240,084,000","271,800,000","216,587,000","217,736,000","203,780,000","189,934,000","161,714,000","138,008,000","133,518,000","151,463,000","105,353,000","93,935,000","111,337,000","111,700,000","114,200,000","151,423,000","239,060,000","156,102,000","86,222,000","60,080,000","67,152,000","73,460,000","58,797,000","49,384,000","57,523,000","64,429,000","48,552,000","43,063,000","66,500,000","51,003,000","37,897,000","-14,833,000","55,400,000","44,600,000","38,900,000","-24,948,000","41,700,000","37,200,000","33,600,000","-24,417,000","39,300,000","35,000,000","17,100,000","20,920,000","21,700,000","121,400,000","121,400,000","-308,922,000","125,448,000","125,448,000","125,448,000","-290,584,000","123,427,000","123,427,000","123,427,000","-305,200,000","126,400,000","126,400,000","126,400,000","-312,000,000","128,300,000","128,300,000","128,300,000","-278,600,000","118,400,000","118,400,000","118,400,000","-261,200,000","102,400,000","102,400,000","102,400,000","-205,400,000","78,500,000","78,500,000","78,500,000"
EBITDA,"1,947,985,000"
ReconciledCostOfRevenue,"2,235,536,000","855,161,000","541,519,000","436,764,000","402,091,000","391,834,000","381,295,000","338,107,000","330,626,000","284,292,000","334,380,000","338,878,000","351,604,000","358,741,000","363,694,000","379,466,000","414,317,000","326,047,000","358,660,000","370,148,000","325,812,000","354,000,000","348,987,000","358,332,000","342,682,000","278,285,000","293,353,000","315,707,000","319,699,000","256,824,000","351,044,000","323,996,000","376,953,000","379,300,000","345,943,000","372,594,000","378,613,000","384,500,000","366,616,000","352,924,000","387,600,000","247,941,000","322,988,000","332,987,000","342,090,000","292,430,000","334,046,000","308,297,000","305,042,000","257,025,000","267,635,000","252,646,000","174,700,000","180,400,000","225,450,000","327,950,000","256,167,000","196,800,000","225,795,000","237,485,000","205,893,000","141,201,000","174,370,000","195,945,000","179,671,000","133,574,000","136,469,000","161,974,000","145,969,000","137,760,000","183,644,000","156,000,000","149,600,000","119,500,000","174,364,000","149,200,000","123,300,000","107,000,000","150,383,000","107,300,000","92,500,000","75,200,000","141,971,000","108,100,000",,,,,,,,,,,,,,,,,,,,,,,,,,,,,,
ReconciledDepreciation,"3,021,000","853,000","794,000","707,000","667,000","693,000","691,000","1,196,000","169,000","615,000","1,433,000","405,000","403,000","401,000","1,662,000",,,"25,000","31,000",,,,"29,000","32,000","54,000","2,142,000","151,000",,,"63,000","4,892,000",,,,"77,000",,,,"50,182,000",,,"46,966,000","56,714,000","50,967,000","52,095,000","42,138,000","46,669,000","35,615,000","35,304,000","32,374,000","39,996,000","48,839,000","30,651,000","35,063,000","27,756,000","33,515,000","26,266,000","25,951,000","26,761,000","25,491,000","25,061,000","23,477,000","24,765,000","22,595,000","23,988,000","22,082,000","20,989,000","17,626,000","16,911,000","16,893,000","-44,630,000","15,900,000","14,800,000","14,800,000","-44,336,000","15,100,000","15,400,000","14,800,000","-45,595,000","15,200,000","15,400,000","15,700,000","-47,506,000","16,100,000",,,,,,,,,,,,,,,,,,,,,,,,,,,,,,
NetIncomeFromContinuingOperationNetMinorityInterest,"1,313,601,000","796,119,000","321,578,000","106,103,000","89,801,000","67,972,000","66,993,000","1,703,000","50,835,000","44,987,000","66,891,000","60,500,000","70,191,000","80,533,000","108,632,000","83,501,000","133,872,000","113,825,000","110,454,000","112,857,000","101,154,000","103,200,000","80,864,000","55,813,000","83,087,000","58,526,000","51,779,000","13,673,000","83,219,000","71,685,000","18,473,000","66,349,000","71,063,000","81,000,000","68,974,000","138,907,000","107,426,000","151,800,000","141,750,000","165,180,000","192,200,000","150,029,000","158,896,000","143,246,000","132,221,000","111,395,000","105,797,000","94,803,000","105,029,000","76,493,000","75,359,000","85,215,000","83,100,000","86,300,000","120,336,000","190,575,000","125,712,000","64,784,000","44,587,000","41,490,000","50,981,000","42,963,000","29,655,000","36,360,000","40,975,000","34,287,000","26,802,000","32,200,000","29,745,000","24,751,000","18,632,000","25,700,000","15,900,000","14,000,000","10,653,000","13,300,000","12,000,000","10,800,000","9,800,000","11,600,000","9,200,000","9,600,000","12,622,000","8,400,000","6,800,000","6,800,000","6,674,000","6,672,000","6,672,000","6,672,000","12,018,000","12,019,000","12,019,000","12,019,000","16,800,000","16,800,000","16,800,000","16,800,000","15,500,000","15,600,000","15,600,000","15,600,000","17,400,000","17,600,000","17,600,000","17,600,000","10,200,000","10,200,000","10,200,000","10,100,000","5,900,000","5,800,000","5,800,000","5,800,000"
TotalUnusualItemsExcludingGoodwill,"-7,032,000","-6,134,000","11,409,000","-2,249,000","-7,826,000","2,995,000","10,216,000","3,958,000","-5,671,000","1,843,000","5,864,000","-3,470,000","-5,720,000","173,000","8,853,000","-8,836,000","-89,000","188,000","-5,303,000","5,309,000","-6,375,000","1,700,000","1,356,000","1,019,000","2,579,000","2,317,000","-1,193,000","-6,695,000","-12,918,000","625,000","14,770,000","-7,741,000","-2,628,000","-1,700,000","-308,000","-2,501,000","-4,079,000","-4,800,000","4,504,000","4,347,000","-5,800,000","-5,803,000","-32,102,000","-11,929,000","579,000","-14,637,000","-24,940,000","-5,910,000","-2,533,000","-10,639,000","11,061,000","-2,280,000","-4,600,000","-9,300,000","4,489,000","-7,685,000","7,730,000","-439,000","-7,152,000","-10,294,000","-6,887,000","-1,819,000","-7,268,000","-8,038,000","-11,798,000","-1,660,000","-9,139,000","-2,700,000","-10,139,000","-2,177,000","-365,000","-1,600,000","-2,300,000","-1,500,000","-3,633,000","-4,200,000","-1,300,000","1,100,000","371,000","-2,300,000","-1,200,000","700,000","1,858,000","-3,200,000",,,,,,,,,,,,,,,,,,,,,,,,,,,,,,
TotalUnusualItems,"-7,032,000","-6,134,000","11,409,000","-2,249,000","-7,826,000","2,995,000","10,216,000","3,958,000","-5,531,000","1,843,000","6,004,000","-3,470,000","-5,720,000","173,000","8,853,000","-8,836,000","-89,000","188,000","-5,303,000","5,309,000","-6,375,000","1,700,000","1,356,000","1,019,000","2,579,000","2,317,000","-1,193,000","-6,695,000","-12,918,000","625,000","14,770,000","-7,741,000","-2,628,000","-1,700,000","50,000","-2,501,000","-4,079,000","-4,800,000","4,504,000","4,347,000","-5,800,000","-5,803,000","-32,102,000","-11,929,000","579,000","-14,637,000","-24,940,000","-5,910,000","-2,533,000","-10,639,000","11,061,000","-2,280,000","-4,600,000","-9,300,000","4,489,000","-7,685,000","7,730,000","-439,000","-7,152,000","-10,294,000","-6,887,000","-1,819,000","-7,268,000","-8,038,000","-11,798,000","-1,660,000","-9,139,000","-2,700,000","-10,139,000","-2,177,000","-365,000","-1,600,000","-2,300,000","-1,500,000","-3,633,000","-4,200,000","-1,300,000","1,100,000","371,000","-2,300,000","-1,200,000","700,000","1,858,000","-3,200,000",,,,,,,,,,,,,,,,,,,,,,,,,,,,,,
NormalizedEBITDA,"1,955,017,000","1,141,675,000","482,803,000","174,240,000","154,079,000","112,631,000","96,922,000","27,209,000","103,321,000","87,366,000","108,597,000","108,796,000","120,836,000","129,540,000","170,541,000","128,139,000","198,194,000","173,166,000","171,067,000","166,046,000","153,101,000","158,900,000","146,111,000","93,598,000","131,995,000","99,696,000","92,854,000","40,861,000","129,775,000","115,704,000","102,807,000","112,817,000","116,081,000","126,300,000","107,782,000","194,253,000","157,332,000","211,900,000","244,769,000","235,737,000","277,600,000","269,356,000","306,552,000","266,676,000","241,450,000","218,489,000","209,617,000","175,043,000","189,300,000","148,366,000","122,870,000","162,456,000","146,951,000","158,563,000","174,690,000","280,260,000","174,638,000","112,612,000","93,993,000","102,937,000","105,408,000","84,093,000","81,417,000","88,156,000","100,215,000","72,294,000","73,191,000","86,826,000","78,053,000","56,967,000","-14,468,000","72,900,000","61,700,000","55,200,000","-21,315,000","61,000,000","53,900,000","47,300,000","-24,788,000","56,800,000","51,600,000","32,100,000","19,062,000","41,000,000","121,400,000","121,400,000","-308,922,000","125,448,000","125,448,000","125,448,000","-290,584,000","123,427,000","123,427,000","123,427,000","-305,200,000","126,400,000","126,400,000","126,400,000","-312,000,000","128,300,000","128,300,000","128,300,000","-278,600,000","118,400,000","118,400,000","118,400,000","-261,200,000","102,400,000","102,400,000","102,400,000","-205,400,000","78,500,000","78,500,000","78,500,000"
TaxRateForCalcs,"0.289","0.283","0.307","0.288","0.284","0.272","0.207","0.27","0.332","0.312","0.276","0.294","0.275","0.282","0.324","0.263","0.268","0.293","0.277","0.265","0.28","0.296","0.386","0.295","0.284","0.291","0.263","0.373","0.249","0.279","0.2","0.299","0.286","0.261","0.23","0.208","0.238","0.232","0.226","0.256","0.247","0.258","0.225","0.251","0.25","0.258","0.167","0.227","0.25","0.212","0.172","0.173","0.206","0.198","0.188","0.166","0.188","0.161","0.183","0.249","0.208","0.195","0.177","0.232","0.213","0.195","0.183","0.235","0.239","0.221","0.277","0.231","0.294","0.23","0.212","0.253","0.245","0.265","0.214","0.247","0.214","0.158","0.015","0.248","0.4","0.4","0.4","0.4","0.4","0.4","0.4","0.4","0.4","0.4","0.4","0.4","0.4","0.4","0.4","0.4","0.4","0.4","0.4","0.4","0.4","0.4","0.4","0.4","0.4","0.4","0.4","0.4","0.4","0.4"
TaxEffectOfUnusualItems,"-2,033,873.671","-1,735,922","3,503,081.335","-646,611.485","-2,223,436.916","814,640","2,111,634.806","1,068,660","-1,883,211.438","574,606.81","1,617,934.449","-1,021,773.298","-1,572,243.886","48,856.347","2,866,435.717","0","0","55,162.173","-1,471,004.712","0","0","0","523,185.552","0","0","673,545.208","-313,418.439","0","0","174,390.587","2,954,000","0","0","0","-70,698.511","0","0","0","1,018,130.605","1,113,341.38","-1,430,846.931","-1,497,274.724","-7,231,987.292","-2,999,023.436","144,591.375","-3,773,977.721","-4,173,357.529","-1,340,600.679","-633,191.756","-2,256,754.271","1,903,387.294","-394,908.125","-947,449.471","-1,837,253.057","844,604.601","-1,274,802.401","1,454,663.287","-70,516.753","-1,311,041.447","-2,567,434.908","-1,430,325.646","-355,134.411","-1,287,812.245","-1,863,919.37","-2,508,624.537","-323,826.196","-1,668,367.647","-634,916.865","-2,423,126.569","-480,102.67","-101,212.144","-369,230.769","-676,470.588","-345,549.738","-771,239.925","-1,061,797.753","-318,867.925","291,836.735","79,295.892","-567,532.468","-256,410.256","110,526.316","28,353.865","-793,798.45","0","0","0","0","0","0","0","0","0","0","0","0","0","0","0","0","0","0","0","0","0","0","0","0","0","0","0","0","0","0"